2994 4936
217 446 280 509 258
689 460 894 507 raorooourn

53 647 112 686 aa.
129 634 201 684 1508.
217 624 250 682 et
272 617 348 693 suis,
363 623 399 680 vt
412 616 603 698 premissum
618 623 676 692 est,
691 615 935 679 inhabitandam
950 624 983 680 et
1002 616 1169 679 colendam
1190 618 1373 700 rcliuquere

95 727 161 738 ““
218 735 251 794 et
275 727 455 791 dimittere:
478 727 582 791 Peoiit
607 727 694 790 idem
717 727 866 790 dominus
888 726 1095 791 cancellarius
1115 749 1172 811 pro
1195 748 1228 793 se
1252 734 1285 792 et
1307 728 1376 793 auis

218 839 368 904 stallariis
394 845 427 903 et
453 839 688 902 successoribus
710 837 941 917 instrumenta3
963 838 1109 915 testibus,
1132 839 1270 903 dominis
1291 838 1375 903 Wil-

218 951 316 1016 lelmo
331 950 445 1034 Smyth
462 957 495 1013 et
510 950 632 1026 ceteris,
646 948 774 1013 vicariis
790 949 878 1013 chori
892 949 1009 1032 quibus
1024 949 1210 1014 immediate
1225 970 1327 1033 supra

535 1223 605 1286 325.
631 1222 1055 1286 cranaos-Tonaomour.

264 1397 326 1459 Die
342 1395 504 1471 Mercurii,
518 1395 589 1477 xiiij
611 1395 731 1458 mensis
753 1396 776 1457 J
778 1394 855 1471 unii,
870 1414 962 1472 anno,
978 1394 1162 1471 indictione,
1176 1396 1377 1478 pontificatu,

220 1515 253 1571 et
276 1507 366 1590 regui
389 1506 507 1588 quibus
534 1506 719 1570 immediate
745 1526 848 1588 supra,
874 1506 944 1570 loco
970 1527 1066 1589 supra
1094 1507 1295 1571 immediate:
1328 1507 1373 1571 M

221 1619 378 1682 Robertus
403 1619 539 1681 Forman
568 1617 707 1681 decanus
733 1624 766 1681 et
790 1617 977 1700 capitulum,
1002 1618 1038 1681 in
1068 1618 1207 1701 capitulo
1235 1617 1376 1702 generali

221 1730 440 1812 capitulariter
461 1729 649 1812 congregati,
664 1729 858 1793 vuanimiter
880 1736 1109 1792 consenserunt
1126 1736 1158 1793 et
1173 1737 1377 1794 assenserunt

221 1841 375 1904 diuisioni
400 1861 584 1904 mansorum
608 1840 849 1923 prebendalium
876 1840 915 1904 de
942 1840 1092 1903 Cardross
1119 1847 1151 1904 et
1173 1839 1376 1917 Tarboltoun,

221 1952 395 2017 iacentium
407 1952 441 2015 in
454 1952 585 2016 ciuitate
598 1951 798 2035 Glasguensi,
807 1951 848 2015 ad
859 1958 980 2034 partem
993 1951 1145 2014 borialem
1155 1951 1220 2015 vici
1235 1951 1378 2035 Drigate,

222 2064 368 2147 contigue
383 2084 494 2131 manso
510 2063 682 2128 subdecani
705 2062 920 2146 Glasguensis,
936 2061 1015 2125 alias
1031 2083 1070 2126 ex
1085 2063 1210 2127 decreto
1224 2063 1377 2146 approba·

221 2175 308 2239 tione
324 2183 357 2239 et
372 2174 610 2239 confirmatione
631 2174 888 2238 reuerendissimi
907 2174 1007 2256 patris
1023 2174 1153 2238 Roberti
1169 2174 1379 2258 Glasguensis

222 2287 458 2369 archiepiscopi,
474 2293 506 2350 et
528 2306 568 2349 ex
591 2306 747 2349 consensu
762 2285 920 2348 dictorum
942 2285 1219 2368 prebendariorum
1241 2285 1281 2349 de
1302 2286 1379 2349 Tor-

222 2397 356 2460 boltoun
379 2404 412 2461 et
438 2397 596 2472 Cardrosa,
625 2397 694 2471 via,
720 2397 947 2479 Magistrorum
976 2396 1146 2460 Michaelis
1175 2396 1321 2479 Flemyn,
1346 2405 1380 2461 et

223 2508 332 2571 Dauid
359 2508 597 2590 levingistoun,
617 2508 701 2571 facte
723 2515 756 2571 et
777 2507 965 2572 terminate:
999 2508 1102 2572 Peciit
1124 2508 1212 2572 idem
1237 2507 1380 2572 Michael

224 2618 359 2701 Flemyu
374 2618 599 2701 prebendarius
615 2618 655 2682 de
672 2618 874 2693 Tarboltoun,
886 2639 943 2701 pro
958 2640 992 2682 se
1008 2627 1040 2682 et
1055 2620 1121 2682 suia
1137 2620 1379 2697 successoribus,

224 2731 455 2794 instrumenta:
477 2730 554 2792 horo
576 2729 700 2793 decima
714 2737 789 2793 ante
806 2729 985 2808 meridiem;
1006 2730 1151 2806 testibus,
1167 2731 1331 2814 Magistris
1346 2739 1380 2794 ct

224 2840 363 2906 dominis
378 2840 538 2904 canonicis
561 2839 822 2923 Glasguensibus‚
837 2841 906 2916 viz,
921 2841 1041 2904 Thema
1057 2842 1222 2919 Murhede,
1237 2841 1380 2905 Martino

226 2953 322 3030 Reda,
337 2952 446 3016 Dauid
469 2950 702 3027 Hammiltoun,
719 2951 877 3015 Richardo
900 2951 1067 3030 Bothwell,
1085 2953 1223 3017 Patricio
1244 2952 1381 3036 Elphiu·

226 3075 330 3142 stoan,
346 3063 502 3129 Nioholao
517 3062 699 3145 Greynlam
713 3063 851 3127 Roberto
867 3062 971 3139 Clark,
987 3063 1125 3128 Roberto
1140 3064 1291 3129 Fausida

562 3338 633 3400 326.
657 3335 836 3399 Comouau
860 3336 1051 3398 Ornoums.

271 3509 402 3573 Eisdem
424 3510 485 3586 die,
501 3509 577 3585 loco,
588 3509 674 3584 hora,
688 3509 775 3572 idem
797 3509 936 3572 decanus
951 3515 984 3572 et
998 3508 1175 3591 capitulum
1190 3509 1226 3572 in
1241 3507 1382 3592 capitulo

227 3620 375 3704 generali,
392 3621 601 3702 prestitemnt
622 3640 717 3683 suum
732 3640 922 3683 consensum
944 3620 1148 3684 innouacioni
1162 3628 1196 3684 et
1209 3620 1384 3703 amplifica·

228 3731 310 3793 tioui
332 3751 388 3793 seu
411 3730 619 3793 diminutioni
640 3731 837 3793 fundationis
859 3730 1107 3813 capellaniarum
1123 3740 1156 3795 et
1176 3731 1384 3795 semiciorum

229 3841 378 3923 Magistri
399 3840 508 3904 Dauid
532 3841 739 3923 Chouigham‚
762 3841 905 3905 officialis
935 3842 1151 3926 Glasguensis‚
1173 3843 1265 3905 iuxta
1286 3862 1385 3907 suum

229 3951 465 4034 beneplacitum
488 3960 521 4015 et
543 3951 712 4027 dictamen,
735 3952 907 4015 dilatandis
929 3961 962 4016 et
987 3955 1150 4032 faciendis,
1176 3961 1209 4018 et
1231 3953 1385 4017 erectioni

229 4064 416 4140 eorundum,
441 4071 474 4128 ct
503 4070 726 4127 concesserunt
751 4064 887 4146 desuper
910 4085 1005 4129 suum
1030 4066 1173 4149 sigillmn
1198 4085 1387 4130 commune:

231 4175 335 4240 Peciit
358 4175 443 4241 idem
469 4174 613 4238 officialis
636 4175 867 4239 instrumenta:
896 4176 1034 4240 testibus
1056 4178 1174 4260 quibus
1199 4176 1386 4243 immediata

115 4315 120 4323 .
231 4307 334 4371 supr&
949 4308 958 4323 .
