2994 4936
249 413 313 478 426
725 428 933 478 raoroooum

87 612 144 651 aa.
163 602 235 651 1511.
250 591 283 650 et
304 586 446 666 dimisit;
467 593 501 651 et
522 586 650 663 iurauit,
666 593 735 664 etc,
750 586 836 671 quod
858 587 892 650 in
912 586 1098 651 huiusmodi
1111 587 1332 673 resignatione
1346 606 1408 651 nou

249 698 434 776 interuenit,
449 719 553 782 neque
568 699 763 763 interueniet
776 699 872 776 fraus,
887 697 990 776 dolus,
1001 699 1177 763 simoniaca
1188 700 1344 783 prauitas,
1354 704 1408 762 aut

249 810 364 893 queuis
388 809 503 874 illicita
526 810 648 893 pactio:
684 810 924 893 Consequenter
951 810 1094 894 prefatus
1119 810 1407 876 reuerendissimus

250 920 396 999 eontulit,
418 928 451 985 et
479 922 656 1005 assignauit
684 921 869 985 huiusmodi
897 921 1065 985 vicariam-
1078 922 1318 1005 pensionarium
1339 940 1406 1006 per

249 1038 390 1116 petuam,
414 1033 461 1097 sie
482 1039 660 1109 vacantem,
682 1033 723 1097 ad
745 1053 837 1097 suam
866 1032 1110 1116 dispositionem
1138 1040 1173 1097 et
1202 1033 1404 1098 collationem

249 1145 345 1227 pleno
367 1144 437 1209 iure
461 1151 669 1228 spectantem,
691 1144 829 1209 discreto
852 1144 921 1208 viro
944 1144 1074 1208 domino
1100 1144 1247 1209 Johanni
1273 1144 1404 1208 Heriola

250 1257 432 1339 presbitero,
455 1263 488 1320 et
510 1256 550 1320 de
572 1257 683 1320 eadem
706 1257 768 1320 sibi
789 1255 940 1339 prouidit,
955 1261 989 1320 et
1009 1276 1067 1339 per
1087 1255 1203 1319 annuli
1224 1255 1327 1339 digito
1348 1274 1403 1320 suo

248 1366 484 1450 impositionem
505 1367 675 1431 inuestiuit
697 1367 736 1431 de
759 1367 879 1443 eadem,
894 1374 928 1431 et
949 1367 1110 1431 commisit
1131 1367 1194 1431 sibi
1215 1367 1361 1452 regimen
1372 1374 1404 1432 et

248 1498 357 1541 euram
372 1485 405 1541 et
426 1477 736 1542 administrationem
758 1478 908 1556 eiusdem,
926 1499 1001 1542 eum
1022 1478 1171 1542 omnibus
1192 1480 1262 1542 suis
1283 1478 1404 1544 iuribus

247 1595 280 1652 et
293 1589 513 1672 pertinentiis:
530 1589 632 1654 Peciit
643 1589 729 1653 idem
744 1590 878 1653 Heriote
893 1591 1114 1666 instrumenta,
1126 1590 1245 1673 quibus
1260 1610 1403 1655 reueren-

184 1752 192 1761 ,
247 1701 398 1765 dissimus
414 1702 570 1766 concessit
587 1701 747 1785 sigillum:
762 1701 846 1764 Aeta
857 1700 891 1763 in
905 1701 1028 1784 palacio
1040 1701 1161 1764 domini
1176 1702 1403 1786 archiepiscopi

248 1815 283 1877 in
306 1814 444 1898 Glang,
459 1813 536 1877 hore
550 1814 635 1877 inter
648 1820 796 1895 quartam
811 1820 844 1876 et
859 1813 1007 1895 quintam
1021 1818 1094 1897 post
1108 1812 1293 1894 meridiem;
1316 1813 1403 1878 testi·

247 1925 317 2004 bus,
343 1926 508 2009 Magistris
538 1933 571 1989 et
600 1924 738 1989 dominis
767 1924 917 1987 Johanne
948 1923 1095 2006 Sprewle,
1125 1923 1247 1988 Thema
1278 1925 1403 2001 Cowtis,

249 2038 371 2121 Rogare
386 2036 627 2114 M⁰Gilhauche,
642 2043 675 2101 et
689 2036 811 2100 Thoma
826 2034 989 2098 Sibbauld.

335 2311 406 2375 553.
430 2310 894 2375 Mnssosms-Exnouronrs
917 2309 1061 2373 Rosaarr
1084 2309 1318 2374 Gmsounssrs

693 2422 955 2486 Aaofflnrrsoorr.

290 2593 352 2657 Die
368 2593 391 2656 J
392 2593 470 2668 ouis,
483 2594 515 2675 xj
533 2593 737 2676 Septembris,
752 2614 846 2670 anno,
856 2593 1041 2679 indictione,
1052 2593 1251 2677 pontificatu,
1262 2600 1296 2658 et
1306 2595 1405 2680 regni,

247 2704 365 2787 quibus
388 2704 572 2768 immediate
596 2724 699 2786 supra,
715 2705 801 2787 apud
821 2704 933 2768 valuas
949 2705 1103 2770 australes
1119 2704 1251 2769 ecclesie
1266 2705 1405 2790 Glasgu·

247 2816 341 2893 ensis,
363 2816 440 2879 horu
462 2816 555 2898 quasi
576 2815 609 2897 xj
633 2823 708 2879 ante
730 2815 896 2878 meridiem
918 2816 971 2879 vel
1000 2816 1091 2892 circa,
1115 2816 1251 2879 testibus
1273 2817 1406 2882 Andrea

248 2928 372 3013 Smyth,
397 2928 519 2992 notario
542 2927 680 3012 publice,
704 2927 825 2992 Jacobo
850 2927 1028 3005 Androson,
1052 2928 1200 2991 Johanne
1224 2928 1405 3005 Androson,

247 3041 395 3105 Donaldo
420 3042 582 3117 Peterson,
608 3048 641 3104 et
665 3038 824 3103 Michaele
854 3038 1021 3122 Gilliaspy,
1052 3059 1108 3123 ego
1134 3039 1330 3104 Cuthbertus
1355 3041 1405 3105 Si-

247 3154 352 3217 monis
375 3154 462 3217 affixi
487 3152 649 3235 quoddam
671 3152 813 3216 edictum
834 3151 1008 3234 publicum,
1031 3151 1072 3213 ab
1095 3151 1252 3214 auditorio
1282 3151 1405 3216 domini

248 3266 391 3328 officialis
407 3264 616 3347 Glosguensis
631 3284 688 3346 pro
703 3270 853 3346 tempore,
869 3263 938 3338 via,
951 3261 1084 3324 Martini
1099 3262 1194 3338 Reda,
1209 3271 1405 3340 emanatum,

248 3377 353 3459 sigillo
376 3376 564 3441 officialatus
587 3375 794 3458 Glasguensis
817 3374 1002 3456 sigillatum,
1025 3374 1193 3437 continens
1216 3373 1405 3440 citationem

248 3489 394 3551 omnium
424 3495 457 3552 et
481 3487 680 3571 singulorum
704 3507 762 3550 sua
786 3486 982 3549 coniunctim
1006 3484 1059 3549 vel
1083 3485 1214 3548 diuisim
1238 3486 1278 3549 ad
1304 3487 1404 3551 infra·

248 3600 367 3680 scripta
382 3600 535 3663 interesse
550 3599 666 3662 habere
686 3598 880 3680 putantium,
895 3597 936 3661 ad
958 3598 1207 3680 comparendum
1229 3599 1285 3680 rmj
1310 3598 1362 3664 die
1384 3621 1404 3663 a

247 3708 299 3772 die
314 3708 387 3772 date
402 3710 599 3791 presentium
614 3710 757 3792 proxime
772 3709 994 3791 computando,
1005 3709 1039 3771 in
1054 3708 1187 3774 ecclesia
1202 3708 1404 3793 Glasguensi,

247 3819 316 3884 loco
332 3819 542 3883 consistoriali
557 3820 708 3896 eiusdem,
723 3819 800 3884 hora
823 3841 990 3884 causarum
1013 3828 1173 3899 consueta,
1188 3843 1293 3886 coram
1316 3823 1404 3888 dieto

247 3930 376 3995 domino
387 3929 524 4006 officiali,
534 3931 588 3994 vel
602 3930 668 3994 suis
684 3931 916 4008 commissoriis,
925 3932 1071 4015 pluribus
1086 3939 1143 3996 aut
1153 3954 1226 4011 vno,
1236 3933 1276 3997 ad
1290 3935 1404 4001 viden-

247 4043 325 4107 dum
347 4048 380 4106 et
402 4040 598 4105 audiendum
622 4043 792 4125 Magistros
814 4048 847 4106 et
873 4043 1019 4107 dominos
1045 4044 1222 4108 Robertum
1240 4045 1404 4125 Blacader,

248 4154 430 4220 Rolandum
452 4151 614 4229 Blacader,
637 4158 670 4217 et
695 4152 857 4218 Andream
880 4154 1049 4232 Mersehel,
1071 4157 1240 4221 canonicos
1266 4157 1404 4242 Glesgu-

247 4287 349 4344 enses,
375 4272 567 4341 executores,
590 4271 624 4329 et
644 4264 800 4328 bonorum
822 4286 860 4330 ae
879 4267 1065 4330 testamenti
1086 4267 1280 4352 principales
1303 4268 1405 4335 intre-

247 4378 397 4443 missores
427 4376 589 4461 quondam
619 4376 751 4441 Roberti
781 4376 988 4462 Glasguensis
1025 4378 1264 4464 archiepiscopi,
1293 4401 1405 4448 eorum
