2994 4936
228 411 290 474 198
702 424 908 474 raorocoma

61 611 119 650 an.
138 598 210 653 1507.
226 582 365 647 dominis
387 583 507 647 Thoma
530 582 665 660 Forsith,
683 590 715 646 et
736 582 900 647 Willelmo
919 582 1098 660 Mowsfald,
1113 583 1199 647 idem
1214 585 1379 668 presidens

104 692 169 702 ““
226 703 259 760 et
281 696 459 780 capitulum
481 696 521 760 ad
536 716 659 772 sonum,
674 703 740 773 etc,
756 696 790 758 in
806 695 946 777 capitulo
963 694 1111 778 generali,
1128 717 1201 759 cum
1216 697 1380 780 presencia

165 887 167 893 Ι
226 828 384 872 consensu
395 816 428 873 et
438 808 605 872 voluntate
620 808 752 871 Patricii
767 807 928 884 Elaeodes,
939 807 1153 870 archidiaconi
1165 807 1380 892 Glasguensia

225 921 421 1004 principalia,
448 943 484 985 ac
506 920 692 1004 principalis
714 920 841 1002 patroni
863 918 1038 1002 capellanie
1060 919 1193 983 fundate
1216 920 1256 984 ad
1280 920 1380 986 altaro

228 1033 338 1097 Sancti
362 1033 530 1096 Michaelis
560 1052 617 1115 per
647 1031 808 1114 quondam
831 1032 875 1094 M.
899 1030 1082 1095 Gilbertum
1104 1031 1222 1115 Rerylr,
1243 1033 1380 1097 archidi-

227 1164 345 1207 oonum
368 1143 606 1227 Glasguensem,
629 1150 857 1207 consenserunt
889 1143 1095 1219 assedaeioni,
1119 1150 1152 1207 et
1177 1144 1218 1207 ad
1240 1144 1380 1209 feodifir-

226 1276 313 1319 mam
328 1255 506 1318 dimissioni
522 1254 688 1318 cuiusdam
706 1254 882 1318 tenementi
896 1254 981 1317 dicte
997 1254 1181 1338 capellanie,
1192 1255 1330 1337 jacentis
1345 1257 1381 1319 in

227 1367 357 1431 ciuitate
374 1365 574 1449 Glasguensi,
590 1366 624 1427 in
646 1366 717 1428 vico
741 1365 779 1428 de
795 1365 936 1448 Drigate‚
952 1387 992 1429 ex
1014 1372 1104 1449 parte
1126 1366 1274 1430 orientali
1296 1368 1380 1432 eius-

226 1478 309 1555 dem,
320 1478 404 1541 inter
418 1484 600 1541 tenemento
611 1475 812 1559 prebendarii
823 1476 863 1540 de
874 1477 994 1540 Erslrin
1006 1477 1156 1555 aboriali,
1168 1484 1201 1542 et
1211 1478 1380 1563 hospitalis

228 1589 337 1654 Sancti
360 1588 511 1652 Nieholai
536 1596 569 1652 et
595 1588 710 1653 deuote
736 1589 877 1653 camiant
903 1589 944 1652 ab
970 1589 1163 1653 occidentali
1189 1596 1222 1654 et
1245 1591 1379 1656 australi

226 1702 382 1786 partibus,
412 1700 569 1765 Niclrolao
599 1702 708 1764 Broun
738 1707 772 1765 et
802 1721 860 1764 sue
890 1721 1015 1784 sponse,
1045 1708 1078 1765 et
1106 1701 1276 1766 heredibus
1305 1704 1381 1780 suis,

227 1814 371 1878 faciende
392 1834 449 1898 per
470 1814 637 1877 dominum
660 1812 833 1896 Georgium
855 1812 919 1876 Ros
942 1812 1143 1896 capellanum
1165 1813 1250 1879 dicte
1276 1814 1381 1898 capel·

225 1926 331 2005 lanie;
352 1934 385 1990 et
408 1926 585 1991 contractui
608 1927 693 1990 inter
714 1925 903 2010 proscriptas
925 1931 1032 2008 partes
1059 1925 1195 2008 desuper
1220 1925 1381 1991 faciende:

228 2038 401 2102 dnmmodo
425 2039 495 2122 ipsa
516 2039 687 2115 assedaeio,
703 2045 736 2102 et
751 2039 791 2102 ad
807 2038 1018 2102 leodifirmam
1033 2037 1185 2114 dimissi0,
1201 2037 1332 2102 cesserit
1345 2039 1380 2101 in

227 2151 332 2214 maius
348 2150 549 2214 commodum
565 2158 597 2213 et
608 2150 781 2212 utilitatem
797 2149 938 2226 ecclesie,
951 2158 984 2213 et
997 2149 1182 2213 huiusmodi
1198 2149 1381 2232 capellania,

227 2269 261 2326 et
283 2283 348 2325 non
369 2261 466 2324 alias:
488 2281 525 2324 ac
547 2260 648 2324 eciam
664 2259 791 2322 easdem
810 2260 1054 2337 assedaeionem,
1069 2268 1102 2325 et
1117 2261 1157 2325 ad
1173 2261 1381 2325 feodifirmam

228 2371 455 2447 dimissionem,
471 2376 504 2432 et
519 2375 718 2432 contractum
740 2369 877 2451 desuper
899 2370 1090 2446 faciendum,
1111 2373 1335 2455 approbarunt,
1349 2382 1383 2438 et

227 2481 434 2554 ratificarunt,
464 2478 637 2541 dummodo
671 2479 808 2553 cesserit,
838 2487 906 2552 etc,
928 2486 966 2540 ut
1001 2498 1117 2557 supra:
1154 2482 1259 2546 Peciit
1295 2485 1383 2550 idern

227 2589 403 2654 Nieholaus
419 2591 528 2652 Broun
544 2589 775 2651 instrumenta:
796 2587 879 2648 Acta
894 2586 928 2647 in
943 2585 1011 2645 loco
1026 2583 1202 2664 capitulari

484 2860 555 2926 247.
579 2859 864 2922 Aacnrnrrscorus
887 2858 1126 2923 Gnascoansrs.

270 3034 333 3099 Die
356 3033 495 3109 Sabbati,
511 3031 589 3095 xxvi
612 3031 730 3095 mensis
746 3031 849 3107 Junii,
864 3053 948 3096 anno
971 3032 1104 3096 Domini
1124 3032 1382 3117 quingentesimo

226 3147 296 3229 vij0,
311 3145 484 3210 indictione
507 3143 637 3221 decima,
652 3144 857 3228 pontificatus
880 3144 903 3207 J
905 3145 964 3208 ulii
980 3144 1025 3208 2<¹¹
1041 3167 1125 3209 anno
1147 3148 1200 3210 4⁰:
1223 3147 1382 3212 Robertus

228 3257 435 3341 Glasgnensis
450 3256 713 3341 archiepiscopus
729 3278 801 3321 cum
819 3277 975 3320 consensu
997 3265 1030 3322 et
1052 3258 1218 3322 voluntate
1233 3258 1383 3343 Magistri

227 3367 366 3433 Rolandi
388 3368 542 3435 Blacadcr
564 3369 745 3445 sululecani,
767 3369 968 3452 presidentis,
990 3377 1023 3433 et
1045 3369 1179 3453 capituli
1201 3370 1242 3434 ad
1267 3392 1382 3435 sonum

226 3500 380 3564 campane
406 3481 533 3564 pulsate
556 3484 590 3546 in
620 3482 760 3567 capitulo
786 3480 926 3565 generali
948 3481 1185 3546 Penteehostali
1214 3502 1382 3566 congrega-

225 3598 341 3669 torum,
370 3595 481 3670 erexit,
510 3596 687 3670 annexiuit,
711 3602 743 3658 et
773 3594 987 3677 incorporauit
1015 3594 1150 3657 vicarias
1179 3594 1219 3658 de
1250 3594 1383 3671 Cadder,

227 3702 497 3781 sanctinum,
510 3706 683 3788 Kilbyrny,
699 3728 837 3769 unacum
858 3706 991 3769 rectoria
1003 3705 1042 3769 de
1058 3704 1201 3781 Girvald,
1216 3713 1249 3769 et
1264 3706 1383 3770 vicaria

226 3813 267 3879 de
282 3814 414 3892 Girvan,
430 3816 637 3898 Glasguonsis
653 3817 795 3891 diocesia,
811 3817 944 3900 collegio
966 3837 1024 3881 suo
1045 3817 1265 3881 uniuersitatis
1288 3817 1382 3882 Glas·

225 3927 366 4010 guensis,
380 3928 421 3992 ad
436 3925 610 3989 utilitatem
626 3925 709 4000 olori,
722 3934 754 3989 et
769 3928 810 3989 ad
825 3928 1002 3991 doctrinam
1017 3929 1137 3991 variam
1153 3935 1185 3992 ct
1196 3928 1382 4007 uberiorem,

226 4058 351 4103 necnon
377 4040 542 4104 doctorum
565 4038 711 4100 vivorum
736 4039 920 4102 societatem
949 4040 1030 4102 inibi
1057 4040 1244 4104 fouendam:
1276 4040 1382 4117 Quam

225 4149 420 4216 ercccionem
436 4158 469 4215 ct
483 4149 703 4225 annexionem,
715 4150 811 4232 juxta
832 4150 993 4215 dictamen
1009 4158 1041 4215 et
1056 4151 1280 4216 dilatacionem
1302 4151 1382 4216 dicti

225 4261 483 4328 maerendissimi
504 4261 613 4346 patris,
629 4267 661 4323 ot
683 4261 734 4323 sui
756 4261 891 4339 consilii,
914 4262 948 4325 in
970 4263 1113 4327 uberiore
1131 4263 1232 4327 fonaa
1253 4262 1382 4347 seriptis

225 4373 439 4461 redigendam,
461 4372 736 4438 confirmacionem
760 4373 878 4438 summi
898 4375 1059 4457 pontificis
1082 4375 1116 4439 in
1139 4376 1284 4459 proximo
1306 4394 1382 4443 con·
