2994 4936
249 448 314 509 484
724 461 931 508 raorooonm

86 647 144 685 nn.
162 636 233 684 1513.
249 619 400 703 pariendo
426 620 488 681 iuri
514 640 571 702 pro
597 619 729 682 erimine
755 617 920 702 sanguinis
947 617 1009 680 sibi
1038 617 1199 700 imposito,
1229 615 1300 680 viso
1325 613 1403 699 quod

130 729 195 739 ““
248 731 397 793 dominus
412 730 696 794 reuerendissimus
712 730 810 793 auisit
825 729 981 812 quasdam
996 729 1106 793 literas
1121 729 1274 792 missinas
1290 727 1404 810 Magis·

246 849 296 905 tro
313 842 475 924 Stephano
490 841 649 924 Dowgles,
661 841 844 904 comissario
856 840 1052 916 Thenidalie‚
1063 860 1163 903 manu
1175 860 1236 902 sua
1250 838 1404 920 subscrip

247 959 305 1028 tas,
336 960 414 1017 tunc
444 952 636 1016 iudicialiter
665 952 845 1034 productas,
873 950 913 1014 ad
943 950 1198 1014 continuandum
1225 948 1403 1012 huiusmodi

247 1065 414 1140 actionem,
429 1084 531 1146 vsque
547 1063 604 1125 xix
626 1063 712 1126 diem
735 1061 880 1125 Octobris
903 1062 1048 1145 proxime
1070 1062 1228 1137 futurum,
1243 1067 1404 1144 propterca

248 1175 333 1258 quod
348 1195 421 1257 pars
436 1175 586 1257 prosequi
600 1174 711 1237 volens
727 1172 912 1236 huiusmodi
928 1194 1058 1236 causam
1075 1193 1141 1235 non
1164 1172 1283 1235 habuit
1298 1171 1404 1255 proba·

247 1287 369 1349 tionem
392 1293 470 1348 tuno
492 1285 712 1360 sufficientem,
727 1305 826 1366 quam
848 1284 996 1366 sperabat
1018 1305 1052 1347 se
1073 1289 1185 1367 postea
1206 1283 1405 1360 habituram

248 1397 366 1479 quibus
392 1395 644 1459 continuacionis
667 1395 769 1458 literis
792 1395 914 1459 iudices
937 1395 1112 1459 comissarii
1134 1394 1334 1477 retroscripti
1355 1393 1404 1456 ot

248 1513 484 1589 temperarunt:
507 1506 610 1570 Peoiit
624 1506 710 1570 idem
727 1506 807 1589 Pyle
823 1507 1044 1570 instrumenta

461 1784 531 1846 629.
556 1781 909 1858 Howson,M1nrsrra
932 1796 974 1842 nn
998 1781 1200 1842 Howsroun.

294 1958 357 2020 Die
380 1957 483 2032 Jouis,
499 1956 542 2038 vij
563 1955 691 2038 Aprilis,
715 1975 808 2031 anno,
830 1953 1015 2029 indictione,
1036 1952 1227 2035 pontificatu
1250 1959 1285 2016 et
1305 1972 1408 2036 regno,

250 2068 367 2150 quibus
383 2075 474 2143 retro,
486 2067 521 2129 in
536 2087 660 2130 camera
675 2087 745 2129 mea
760 2064 937 2148 hospitalis,
949 2065 1034 2127 intra
1049 2063 1215 2127 ciuitatem
1231 2062 1405 2146 Glasguen·

250 2199 326 2255 sem,
352 2179 429 2241 hora
459 2185 550 2241 sexta
579 2197 673 2240 mane
699 2176 752 2240 vel
781 2177 871 2251 circa,
898 2175 1035 2238 testibus
1066 2173 1224 2237 Richardo
1251 2173 1345 2250 Blak,
1378 2181 1409 2237 et

250 2290 415 2353 Willelmo
438 2290 537 2365 More,
560 2289 667 2351 laicis:
695 2288 804 2351 Frater
826 2285 1010 2350 Willelmus
1034 2286 1185 2361 Howson,
1200 2285 1350 2349 minister
1370 2284 1408 2347 de

251 2401 404 2476 Failfurd
429 2401 549 2463 ordinis
573 2400 688 2463 Sancte
708 2398 873 2461 Trinitatis
896 2398 936 2461 de
959 2397 1177 2480 redemptione
1200 2397 1409 2479 captiuorum,

251 2511 458 2594 Glasgnensis
482 2511 625 2586 diocesis,
649 2532 685 2575 ac
707 2509 912 2593 prouincialis
939 2508 1095 2593 generalis
1119 2507 1263 2572 eiusdem
1290 2506 1409 2571 ordinis

250 2643 307 2704 per
321 2623 406 2683 intra
420 2642 554 2703 regnum
570 2620 683 2695 Scotie,
699 2622 916 2683 ministratum
932 2621 1000 2683 sine
1021 2619 1274 2682 ministraturam
1298 2619 1409 2682 domus

251 2733 290 2796 de
307 2733 464 2795 Howston
480 2731 623 2794 eiusdem
638 2732 766 2807 ordinis,
783 2731 1001 2795 Sanctiandris
1017 2730 1159 2805 diocesis,
1175 2730 1215 2793 de
1237 2731 1308 2794 iure
1323 2737 1357 2794 et
1371 2731 1409 2794 de

251 2846 335 2910 facto
346 2853 514 2908 vacantem
530 2865 586 2927 per
600 2852 736 2907 mortem
751 2846 858 2908 fratris
874 2846 993 2907 Thome
1008 2844 1136 2907 Dikson
1146 2843 1254 2905 vltimi
1270 2844 1410 2906 ministri

251 2958 404 3033 eiusdem,
431 2957 470 3019 ad
498 2977 589 3019 suam
614 2956 829 3019 omnimodam
856 2955 1097 3039 dispositionem
1128 2961 1160 3017 et
1186 2954 1410 3036 prouisionem,

251 3070 358 3152 vigore
374 3069 423 3132 sui
440 3069 535 3132 officii
550 3068 810 3151 prouincialatus,
822 3067 917 3151 pleno
929 3069 1002 3150 jure
1014 3073 1212 3150 spectantem
1222 3066 1314 3129 fratri
1326 3066 1410 3130 Oris·

251 3183 353 3243 tosoro
369 3181 512 3243 Howson
528 3180 618 3242 fratri
633 3181 774 3261 professo
790 3180 868 3242 dicti
884 3179 1014 3254 ordinis,
1024 3185 1056 3241 et
1071 3177 1185 3240 domus
1201 3177 1241 3240 de
1257 3177 1411 3253 Failsurd,

251 3293 286 3354 in
310 3313 476 3374 personam
500 3292 621 3353 domini
637 3290 793 3353 Willelrni
809 3291 983 3372 Lyttistare
1004 3288 1215 3373 procuratoris
1230 3289 1308 3353 dicti
1327 3289 1411 3353 Cris·

253 3404 354 3479 tosori,
371 3403 517 3478 contulit,
533 3410 565 3465 et
588 3402 626 3464 de
650 3402 761 3465 eadem
780 3402 922 3485 prouidit
940 3409 973 3464 ct
995 3401 1165 3463 inuestinit
1179 3399 1318 3463 eundem
1340 3421 1411 3484 pro·

252 3523 429 3578 curatorem
452 3514 581 3577 nomine
604 3534 668 3596 quo
684 3534 779 3597 supra
795 3513 834 3577 de
850 3513 969 3587 codem,
984 3533 1041 3595 per
1062 3511 1173 3574 birreti
1195 3511 1413 3586 traditionem,

253 3647 369 3700 curam,
392 3626 533 3708 regimen
556 3632 588 3688 et
611 3626 928 3701 administrationem,
944 3632 1011 3702 ata,
1034 3632 1066 3688 et
1089 3623 1245 3688 concessit
1267 3623 1411 3706 sigillum

253 3737 302 3800 sui
319 3737 414 3799 officii
430 3737 680 3818 prouincialatus
696 3737 897 3819 presentibus
918 3736 1182 3819 appendendum:
1205 3734 1308 3798 Peoiit
1323 3735 1409 3799 idem

253 3854 435 3932 procurator
450 3847 579 3911 nornine
594 3868 658 3930 quo
673 3868 770 3930 supra
785 3868 842 3911 suo
857 3848 1027 3931 principali
1041 3848 1262 3910 instrumenta

573 4121 643 4183 630.
667 4121 780 4184 Annas
804 4138 845 4183 ua
870 4122 1093 4184 Krnwrnrna.

298 4293 427 4357 Eisdem
449 4292 509 4368 die,
525 4313 642 4370 mense,
659 4314 751 4369 anno,
767 4294 949 4371 indictione,
964 4294 1162 4378 pontificatu,
1178 4292 1254 4355 hora
1277 4293 1309 4376 xj
1334 4300 1411 4357 ante

254 4405 418 4469 meridiem
448 4404 501 4467 vel
539 4405 629 4482 cirea,
660 4407 796 4470 testibus
834 4407 999 4490 Magistris
1037 4412 1069 4470 et
1106 4402 1246 4470 dominis
1283 4405 1411 4468 Joauno
