2994 4936
249 399 314 461 480
725 410 931 459 morocoria

84 596 141 633 aa.
159 587 232 636 1512.
249 571 435 646 Glencsrue,
450 592 522 633 cum
539 571 605 633 suis
623 568 841 651 complicibus,
856 575 893 631 vt
908 588 1003 650 supra
1025 567 1167 644 armatis,
1181 569 1223 632 ad
1239 589 1392 633 numerum

127 677 194 689 ‘⁸'
247 681 414 764 sexaginta
429 701 633 764 personarum
649 679 702 742 vel
718 679 809 753 circa,
823 686 860 741 vt
875 679 1032 761 apparuit,
1047 678 1128 743 eitra
1143 699 1242 763 supra
1258 690 1392 764 exceptas

247 812 405 874 personas,
417 814 473 875 per
482 793 592 854 ianuas
603 798 635 854 et
644 791 733 866 ostia,
745 790 923 853 claustrum
937 797 970 854 et
985 788 1118 852 chorum
1129 790 1211 854 dicti
1223 791 1395 855 monasterii

247 903 460 987 irrumpentes
483 910 516 966 et
539 902 758 986 peruadentes,
783 902 998 984 strepentibus
1021 902 1117 965 armis
1139 902 1327 967 huiusmodi
1346 902 1394 966 ali·

247 1014 364 1097 quibus
380 1015 476 1078 etiam
498 1015 536 1076 de
557 1014 624 1076 suis
639 1012 719 1075 alios
735 1013 768 1074 in
787 1013 897 1094 januis
913 1013 991 1076 dicti
1006 1012 1068 1076 loci
1083 1014 1354 1096 preuenientibus,
1367 1022 1394 1078 et

246 1126 318 1189 aliis
333 1127 412 1188 alios
428 1147 523 1189 cursu
539 1124 810 1208 preuenieutibus,
825 1144 929 1206 vsque
943 1123 984 1186 ad
1004 1123 1082 1187 dicti
1098 1126 1288 1189 monasterii
1303 1125 1394 1188 maius

246 1237 345 1301 altare
371 1258 527 1311 concesso,
553 1244 585 1299 et
611 1236 689 1298 illuc
715 1242 878 1316 peruento,
904 1234 1036 1317 quidam
1062 1234 1214 1300 dominus
1241 1237 1395 1300 Gilbertns

247 1347 402 1422 Haldane,
418 1348 556 1409 vicarius
572 1348 611 1409 de
627 1346 737 1428 Dalry,
753 1366 896 1409 asserens
912 1366 945 1409 se
960 1353 1198 1428 procuratorem
1213 1347 1395 1412 venerabilis

245 1459 305 1519 viri
322 1458 469 1539 Magistri
481 1457 639 1519 Johanuis
652 1458 788 1519 Forman
803 1457 996 1539 precentoris
1012 1457 1144 1522 ecclesie
1160 1458 1396 1542 metmpolitane

246 1567 461 1650 Glasguensis,
484 1568 638 1650 quasdam
665 1567 774 1631 literas
800 1567 989 1650 apostolicas
1013 1567 1163 1644 bullatas,
1186 1569 1228 1634 de
1251 1577 1285 1633 et
1311 1591 1397 1653 super

245 1680 429 1742 huiusmodi
444 1680 574 1742 abbacia
595 1679 634 1742 de
658 1679 879 1761 Kylwynnyn,
895 1679 981 1742 dicto
998 1679 1152 1763 Magistro
1168 1680 1190 1743 J
1193 1681 1315 1744 olranni
1330 1682 1397 1744 For·

245 1812 329 1867 man,
344 1799 380 1855 vt
395 1793 540 1867 assuerit,
556 1791 656 1853 factas
672 1797 705 1854 et
721 1810 894 1866 concessas,
910 1791 1066 1874 Magistro
1088 1791 1234 1855 iohanni
1257 1792 1397 1876 Sauehy,

245 1905 367 1966 notario
383 1902 520 1984 publico,
536 1902 676 1985 presenti
692 1908 725 1964 et
738 1901 905 1983 recipienti
920 1902 1135 1984 perlegendas,
1152 1903 1260 1967 debite
1276 1925 1399 1987 quoque

245 2014 482 2077 demandandas
493 2013 682 2088 executioni,
695 2012 844 2075 tradidit:
868 2012 931 2088 Qui
946 2013 1077 2096 quidem
1089 2015 1242 2091 notarius,
1254 2015 1399 2098 perlectis

245 2125 429 2188 huiusmodi
445 2126 555 2199 literis,
571 2125 694 2187 dictum
710 2124 904 2206 Magistrum
920 2124 942 2187 J
944 2124 1102 2188 ohannem
1119 2125 1257 2188 Formas
1276 2127 1311 2189 in
1333 2147 1398 2209 per·

245 2258 355 2300 sonem
378 2237 455 2299 dicti
479 2237 697 2319 procuratoris,
720 2236 827 2317 vigore
851 2235 1016 2298 literarum
1042 2235 1228 2299 huiusmodi
1251 2237 1398 2320 apostoli-

244 2369 361 2422 carum,
378 2349 411 2409 in
427 2348 657 2430 possessiouem
672 2347 756 2409 dicte
772 2346 902 2409 abbacie
918 2346 1118 2422 cumulando,
1135 2349 1320 2412 utasseruit
1330 2349 1400 2432 jura

241 2460 376 2539 juribus,
403 2480 436 2521 se
460 2459 543 2522 velle
570 2460 654 2521 dixit
669 2459 839 2532 inducere,
863 2464 959 2540 prout
981 2466 1014 2521 et
1043 2458 1316 2540 quemadmodum
1345 2481 1400 2524 suo

244 2589 331 2629 rrmre
354 2568 500 2643 induxit,
524 2590 619 2649 quem
636 2569 740 2639 ctiam,
757 2569 880 2650 pridem
896 2569 1001 2632 ianuis
1017 2570 1202 2633 huiusmodi
1217 2572 1400 2636 monasterii

245 2678 370 2752 clausis,
387 2685 419 2740 et
443 2678 501 2739 sibi
527 2679 566 2739 ad
590 2678 688 2740 altare
713 2680 895 2741 huiusmodi
920 2701 983 2742 non
1006 2688 1129 2762 pateret
1151 2702 1307 2759 accessus,
1321 2683 1402 2746 foras

245 2790 428 2853 huiusmodi
460 2790 572 2852 ianuas
600 2797 631 2852 et
658 2791 743 2871 apml
772 2791 907 2866 easdem,
933 2793 1062 2856 nomine
1089 2813 1152 2875 quo
1183 2814 1290 2876 supra,
1315 2796 1402 2878 prius

244 2904 410 2967 induxisse
427 2924 458 2966 se
474 2902 566 2976 dixit,
582 2908 614 2964 et
636 2901 786 2964 induxit:
810 2903 912 2966 Peciit
937 2903 1091 2986 Magister
1113 2903 1302 2970 Willelmus
1327 2907 1400 2970 Ber·

244 3016 315 3099 clay
331 3037 425 3098 super
440 3015 609 3097 premissis,
625 3025 657 3077 et
673 3014 835 3096 signanter
850 3035 945 3096 super
960 3015 1137 3078 intrusione
1152 3037 1250 3098 quarn
1266 3019 1402 3082 asseruit

245 3128 407 3210 premissa,
420 3129 546 3190 nouriue
563 3126 696 3201 ablatis,
708 3127 798 3189 euius
815 3135 863 3189 est
879 3134 1074 3208 procurator;
1090 3126 1129 3190 de
1145 3127 1237 3190 cuius
1253 3129 1403 3192 mandato

246 3239 343 3301 michi
360 3240 436 3300 satis
453 3246 593 3300 ‹onstatz
617 3238 705 3300 ricta,

653 3517 723 3576 623.
749 3513 999 3574 Kreuruurxu.

292 3688 396 3759 rtrum,
412 3686 472 3761 die,
487 3708 604 3763 meuse,
621 3686 805 3760 indictione,
821 3687 1019 3768 pontificatu,
1034 3691 1067 3747 et
1089 3685 1158 3747 loco
1181 3686 1403 3768 retroscriptis,

247 3797 323 3857 liora
353 3796 442 3877 quasi
473 3805 563 3858 sexta
593 3806 665 3878 post
695 3797 860 3858 meridiem
889 3796 941 3860 vel
971 3797 1062 3870 circa,
1092 3797 1228 3859 testibus
1259 3796 1400 3860 dominis

247 3907 384 3969 lloberto
399 3906 544 3986 Wrycht,
559 3907 724 3970 Willelmo
748 3908 865 3982 Broun,
881 3908 902 3970 J
905 3908 1029 3970 ohanne
1053 3907 1180 3983 Hau'ik,
1198 3909 1301 3971 Leone
1324 3908 1401 3984 Jak,

246 4018 423 4081 Eumouide
448 4018 616 4094 chrisou,
633 4019 781 4082 Jolrarmo
798 4021 937 4102 Qulryte,
952 4020 1144 4103 presbiteris,
1161 4020 1290 4082 Simone
1313 4021 1399 4104 Ays-

245 4131 318 4207 dell,
334 4130 431 4193 leuco:
455 4128 563 4190 nubas
586 4130 625 4191 ‹le
650 4130 872 4213 Kiluynuyug
890 4131 989 4212 peciit
1009 4151 1178 4213 preconem
1193 4131 1326 4213 regium,
1341 4135 1398 4214 qui

244 4243 379 4306 asseruit
409 4264 442 4305 se
473 4239 586 4303 habere
616 4239 724 4304 literas
754 4243 863 4324 regias,
888 4250 921 4305 et
947 4242 1134 4305 mandatum
1158 4243 1198 4305 ab
1225 4242 1336 4306 eodem
1363 4243 1398 4306 in

244 4353 372 4427 eisderu,
395 4354 480 4417 dicto
511 4351 628 4425 alrltati,
650 4352 690 4417 ad
714 4352 889 4436 parendum
916 4353 1072 4437 Magistro
1094 4353 1236 4416 Johanni
1260 4353 1397 4417 Formau
