2994 4936
249 422 313 486 498
672 484 675 493 ,
726 436 933 485 1661666111

86 595 411 670 n.n.151aThomam,
431 615 488 677 pre
510 594 705 659 relaxatione
728 596 816 659 sense
839 602 872 659 et
895 595 1005 659 arresti
1026 594 1171 678 impositi
1193 615 1252 659 sue
1275 596 1359 672 naui,
1372 601 1402 659 et

249 707 469 791 prosecutione
493 707 563 770 Ade
590 707 678 771 Rede
704 706 744 770 (16
771 707 938 789 Sterquhit
964 728 1070 771 ceram
1095 707 1237 771 dominis
1261 707 1401 771 concilii:

250 818 352 882 Peciit
366 817 451 881 idem
467 818 604 881 Thomas
618 819 850 881 instrumenta:
873 820 957 882 Acta
970 824 1008 881 vt
1022 825 1056 882 et
1069 819 1124 882 vbi
1139 839 1244 902 supra

599 1091 669 1155 649.
694 1092 944 1156 emeramnus
959 1090 1058 1155 Rana.

295 1264 357 1330 Die
379 1266 519 1343 Sabbati,
534 1266 591 1349 xiij
608 1265 728 1330 mensis
749 1265 899 1349 Augusti,
913 1285 1006 1340 anne,
1024 1265 1201 1329 indictione
1224 1273 1259 1330 61
1281 1265 1403 1350 pontifi·

250 1383 325 1440 catu
341 1383 373 1440 et
387 1377 484 1459 regni,
500 1377 617 1459 quibus
632 1376 817 1441 immediate
835 1396 940 1460 supra,
955 1376 991 1439 in
1005 1376 1140 1440 eeclesia
1161 1376 1404 1460 metropolitana

252 1486 450 1570 Glasguensi,
476 1488 554 1550 hera
582 1489 667 1552 inter
696 1489 865 1571 septimam
891 1495 925 1552 et
954 1494 1100 1551 66166611
1130 1494 1206 1552 ante
1233 1488 1405 1563 meridiem,

250 1599 387 1662 testibus
409 1598 547 1662 dominis
569 1600 691 1662 Thema
713 1599 958 1681 Hammylteun,
973 1599 1095 1662 notario
1114 1599 1255 1682 publico,
1271 1599 1406 1664 Rebsrto

251 1711 395 1793 Wrycht,
417 1711 609 1793 presbiteris,
630 1711 653 1775 J
655 1712 752 1774 acobo
780 1710 890 1794 Beyde
912 1717 946 1774 et
969 1709 1152 1773 Alexandro
1178 1711 1282 1786 Rawf,
1298 1711 1405 1775 laicis:

251 1823 416 1887 Johannes
439 1824 541 1886 ere
564 1823 603 1886 (16
627 1822 819 1898 servarisne,
834 1843 891 1904 per
914 1822 1135 1885 extensionem
1157 1843 1275 1886 manus
1298 1822 1407 1886 (1611116

250 1933 387 1998 fideliter
413 1935 566 2016 premisit,
592 1934 787 2015 firmiterque
814 1932 970 2016 obligauit
995 1953 1029 1996 se
1055 1939 1089 1996 et
1115 1952 1189 1996 suos
1215 1933 1351 1998 heredes
1374 1934 1406 1996 in

251 2046 408 2109 strictiore
423 2047 524 2108 ferma
540 2045 751 2129 obligationis,
768 2044 879 2134 fraude
895 2052 928 2108 et
950 2044 1022 2107 dolo
1038 2044 1179 2120 seclusis
1195 2044 1338 2128 sigillare
1353 2065 1407 2108 sno

251 2158 377 2240 proprie
393 2156 498 2240 sigillo
521 2157 682 2239 quandam
704 2156 833 2220 literam
855 2155 1064 2219 assedationis
1082 2175 1139 2238 pro
1154 2155 1186 2219 le
1208 2156 1356 2220 fermaile
1370 2155 1408 2221 de

251 2270 344 2332 terris
360 2269 398 2332 de
416 2268 493 2331 Glas
509 2269 562 2330 1111ί
576 2268 720 2332 solidatis
735 2268 861 2350 antiqui
876 2274 1027 2331 extentus
1043 2288 1117 2331 curn
1131 2268 1348 2350 pertinentiis,
1362 2288 1409 2331 as·

252 2381 370 2442 sedatis
386 2401 441 2462 per
457 2382 562 2462 ipsum
578 2380 733 2462 Magistro
749 2378 890 2442 Martine
901 2378 988 2442 Reda
1004 2378 1193 2443 cancellario
1209 2379 1410 2464 Glesguansi,

252 2491 383 2571 suisque
409 2491 585 2566 heredibus,
609 2490 840 2566 executoribus,
863 2490 1040 2572 assignatis,
1061 2492 1118 2573 pro
1141 2491 1317 2555 eorundem
1342 2499 1410 2555 ten·

253 2601 344 2662 661116
361 2601 569 2663 subtenaudis
586 2609 618 2664 et
638 2601 805 2677 coterellis,
821 2602 1050 2665 conficiendam
1066 2603 1204 2685 desuper
1224 2624 1284 2686 per
1306 2604 1408 2687 ipsum

253 2710 488 2786 cancellarium,
503 2712 595 2773 iuxta
615 2720 757 2774 tenerem
780 2713 873 2776 litere
888 2713 1099 2776 assedacionis
1122 2734 1179 2776 sue
1201 2714 1293 2797 prius
1308 2716 1410 2780 eidem

253 2822 442 2886 cancellarie
458 2828 490 2885 et
506 2822 572 2884 61116
588 2821 724 2904 desuper
739 2823 830 2896 facte,
847 2823 880 2885 in
896 2824 1044 2886 omnibus
1060 2831 1092 2887 et
1106 2845 1163 2906 per
1185 2827 1312 2890 omnia:
1343 2827 1411 2903 Qus

253 2935 347 2999 litera
362 2934 547 2998 continebat
562 2933 795 2996 assedatienenr
811 2934 897 2996 dicte
913 2934 1101 2998 cancellario
1116 2942 1149 2997 et
1164 2935 1231 2998 6616
1247 2937 1410 3018 premissis

254 3047 293 3110 de
309 3046 427 3111 eisdenr
444 3046 543 3121 terris,
559 3046 676 3108 saetam
692 3066 749 3127 pro
765 3046 929 3108 sexennis
946 3066 964 3107 a
979 3046 1060 3108 feste
1083 3045 1226 3128 Philippi
1242 3055 1277 3110 et
1299 3048 1322 3112 J
1324 3048 1411 3112 aeobi

253 3159 398 3240 proxime
426 3159 534 3220 future
561 3157 683 3240 integre
706 3157 854 3232 66166116,
877 3157 911 3218 11
934 3177 998 3238 que
1020 3156 1157 3219 termino
1184 3156 1330 3240 Philippi
1353 3161 1411 3223 erit

253 3270 404 3332 introitus
420 3270 498 3332 dieti
521 3269 703 3331 cancellarii
719 3276 751 3330 61
767 3288 916 3345 6661611;
940 3275 972 3331 61
987 3267 1022 3330 11
1037 3269 1148 3331 cadem
1163 3267 1257 3331 litera
1273 3272 1412 3352 quitabit

253 3381 376 3443 dictum
399 3379 625 3442 cancellarium
647 3385 680 3441 61
704 3399 777 3442 6666
803 3378 842 3441 (16
865 3378 901 3440 lx
923 3379 1038 3441 mercis
1060 3378 1195 3461 receptis
1217 3379 1253 3442 in
1275 3383 1412 3463 pecunia

254 3499 421 3554 numerata
446 3510 502 3573 pre
529 3489 559 3553 le
585 3489 718 3552 formale
745 3489 904 3552 dictorum
926 3510 982 3552 sex
1007 3510 1172 3563 annorum,
1198 3496 1232 3553 et
1256 3491 1412 3573 premissa

102 3619 155 3672 Fol.
170 3620 225 3674 170.
253 3603 349 3666 saciet
364 3602 449 3665 idern
461 3601 483 3663 J
486 3601 636 3676 ohannes,
648 3621 747 3682 quum
764 3621 821 3682 per
834 3600 994 3682 prefatum
1006 3600 1172 3663 deminum
1184 3601 1411 3667 cancellarium

225 3712 232 3725 '
253 3713 389 3795 desuper
403 3712 576 3794 requisitus
596 3712 711 3775 suerit:
736 3712 838 3775 Peciit
860 3711 946 3775 idem
961 3710 1168 3776 cancellarius
1183 3712 1413 3779 instrumenta:

253 3824 336 3886 Acta
351 3830 387 3886 vt
403 3829 435 3886 et
451 3823 505 3885 vbi
520 3842 622 3904 supra.

673 4096 743 4159 050.
770 4095 988 4159 Hennenses.

296 4271 358 4335 Die
373 4272 396 4336 J
397 4271 476 4347 ouis,
488 4268 567 4352 xviij
584 4269 703 4333 mensis
719 4269 868 4351 Augusti,
880 4289 965 4333 anno
980 4269 1112 4333 Domini
1127 4268 1300 4335 millesimo
1316 4271 1412 4355 quin·

250 4382 427 4464 gentesime
442 4382 524 4463 xiij0,
535 4381 718 4457 indictione,
728 4381 917 4463 pontificatu
933 4387 967 4444 et
980 4380 1079 4464 regni,
1091 4381 1208 4464 quibus
1223 4382 1413 4448 immediate
