2994 4936
177 411 241 475 460
652 374 858 474 raorooomn

56 615 71 651 a
89 601 161 652 1512.
176 583 360 647 Johannem
386 583 491 647 eidem
517 583 674 662 Dionisio,
700 584 761 648 sub
787 583 1000 648 conuentione
1026 584 1236 661 reuersionis,
1261 584 1334 649 alias

57 691 123 704 ““
176 694 325 758 vendite:
354 696 488 793 Necnon
514 695 554 759 ad
580 695 836 759 renunciandum
861 702 895 759 et
918 693 1099 759 cedendum
1126 697 1281 760 omnibns
1303 708 1334 761 et

175 805 311 890 singuiis
336 807 468 882 iuribus,
491 807 595 882 cartis,
618 806 745 883 saisina,
767 812 854 870 statu
876 805 1078 882 hereditario,
1099 807 1331 883 instrumentis,

176 917 386 995 documentis,
412 924 445 982 et
470 917 654 995 euidenciis,
676 918 762 982 dicto
784 918 932 981 Dionisio
958 925 992 982 et
1017 918 1094 995 suis,
1116 919 1260 1003 desuper
1282 939 1333 1003 per

175 1029 337 1113 prefatum
361 1028 547 1093 Johannem
572 1029 734 1106 confectis,
760 1035 793 1093 et
818 1029 999 1113 acceptauit
1024 1049 1108 1093 onus
1134 1037 1170 1094 et
1195 1030 1330 1094 officium

175 1140 361 1205 huiusmodi
386 1140 620 1224 assignationis,
642 1147 675 1204 et
700 1140 890 1203 mandatum
914 1140 1149 1223 procurationis
1171 1142 1208 1204 in
1230 1161 1274 1219 se,
1293 1140 1330 1205 ed

175 1252 358 1316 faciendum
380 1252 509 1314 nomine
531 1251 611 1314 dicti
632 1251 773 1315 Dionisii
795 1272 833 1315 ea
855 1272 918 1334 que
939 1252 1180 1316 mandabantur
1201 1253 1279 1330 fieri,
1297 1258 1330 1316 vt

174 1383 278 1444 supra,
297 1382 355 1444 per
376 1361 499 1425 dictum
520 1362 727 1425 mandatum:
752 1362 887 1426 Necnon
908 1362 996 1426 idem
1018 1362 1190 1441 Patricius,
1205 1364 1330 1428 nornine

174 1493 238 1555 quo
253 1493 358 1555 supra,
369 1492 406 1535 ac
417 1472 486 1554 ipse
496 1472 520 1536 J
521 1473 662 1536 ohannes
677 1475 763 1557 pacti
778 1480 864 1550 sunt,
878 1480 912 1537 et
926 1481 1147 1538 conuenerunt
1163 1474 1206 1540 de
1219 1475 1330 1540 edibnc

174 1585 253 1650 dicti
268 1584 409 1661 Patricii,
423 1605 480 1666 pro
496 1584 630 1649 ecclesia
650 1586 799 1648 Fratrum
820 1586 1058 1650 Predicatorum
1080 1586 1122 1650 de
1143 1586 1285 1671 Glasgw,
1298 1588 1331 1650 in

174 1717 239 1779 qua
260 1697 445 1760 debuissent
466 1697 565 1780 recipi
587 1696 671 1760 dicte
698 1696 733 1760 xl
756 1717 869 1772 merce,
892 1697 961 1761 sine
986 1697 1210 1781 cuiuscunque
1232 1698 1331 1783 partis

173 1809 347 1891 preiudicio
362 1808 478 1891 aliquo,
494 1815 527 1872 et
541 1808 601 1871 hoe
624 1829 664 1872 ex
686 1814 796 1871 tenore
818 1808 1014 1890 profetarum
1035 1808 1205 1873 literarum
1227 1831 1331 1875 reuer-

174 1921 289 1985 sionis:
313 1921 416 1984 Peciit
431 1920 518 1984 idem
533 1919 673 2002 Sprewle
689 1919 922 1984 instrumenta:
943 1921 1027 1983 Acte
1042 1926 1080 1983 vt
1094 1940 1199 2005 supra.

619 2199 691 2262 598.
715 2198 879 2262 Sraawnr.

217 2372 346 2435 Eisdem
361 2392 418 2453 per
432 2372 558 2435 omnia:
582 2372 730 2454 Receptis
745 2372 841 2435 dictis
856 2370 1067 2454 quadragime
1082 2371 1205 2448 mercis,
1220 2376 1256 2436 et
1269 2370 1331 2434 alia

173 2488 259 2543 certa
273 2482 419 2563 pecunia,
434 2482 541 2544 debita
563 2503 620 2564 per
641 2483 765 2546 dictum
787 2483 971 2546 Johanncrn
994 2483 1099 2546 eidem
1114 2482 1276 2559 Dionisio,
1290 2481 1329 2545 de

172 2590 323 2672 predictis
345 2592 439 2653 terris
462 2592 501 2654 de
524 2594 671 2655 terminis
694 2594 872 2671 transactio,
894 2614 951 2677 per
973 2593 1097 2657 dictum
1120 2594 1331 2678 assignatum,

172 2702 258 2766 idern
272 2702 461 2785 assignatus
477 2703 605 2765 nomine
622 2724 685 2785 quo
706 2725 812 2788 snpra,
827 2705 1031 2769 renunciauit
1054 2712 1087 2769 et
1109 2706 1208 2768 cessit
1230 2705 1330 2769 statui

172 2821 206 2880 et
220 2815 337 2879 saisine
353 2815 563 2891 hereditariis,
579 2824 611 2879 et
628 2816 750 2880 iuribus
773 2819 931 2893 omnibns,
947 2839 1009 2901 que
1025 2819 1094 2901 ipse
1108 2818 1280 2882 Dionisins
1294 2838 1330 2882 ac

172 2928 224 2992 sni
245 2929 427 2992 habuerunt
449 2948 506 2992 seu
529 2927 649 2991 habent
671 2928 705 2990 in
728 2928 823 2992 dictis
842 2930 942 3008 tonis,
959 2938 992 2993 et
1009 2929 1203 2994 deliberauit
1226 2930 1330 2994 eidem

173 3042 195 3103 J
197 3041 316 3105 ohanni
330 3061 440 3105 omnes
456 3041 634 3105 euidentius
649 3040 771 3124 prefato
787 3041 933 3104 Dionisio
945 3048 977 3104 et
989 3042 1055 3104 suis
1067 3040 1206 3124 desuper
1220 3043 1330 3115 factas,

172 3153 294 3234 prefato
316 3153 459 3216 Johanni
481 3153 668 3236 recipienti:
695 3152 798 3215 Peciit
820 3152 907 3215 idem
930 3152 1071 3235 Sprewle
1094 3140 1331 3217 instrumenta:

172 3263 256 3326 Acta
270 3264 347 3326 hora
362 3264 460 3328 tercia
475 3272 548 3346 post
564 3263 738 3338 meridiem,
754 3263 807 3325 vel
823 3263 913 3327 cirea.

486 3538 557 3600 599.
582 3538 1015 3602 Lucana—Lavinmsroun

215 3708 278 3770 Die
301 3706 439 3784 Sabbati,
456 3731 500 3772 xx
516 3710 548 3772 N
550 3711 719 3787 onernbrin,
735 3732 818 3774 narro
842 3712 975 3774 Domini
998 3712 1259 3794 quingentesimo
1274 3714 1330 3795 xij,

172 3818 346 3882 indictione
372 3821 483 3902 prima,
509 3823 714 3903 pontificatus
740 3822 823 3885 Julii
849 3822 892 3886 2(ΙΙ
920 3844 1003 3887 anno
1029 3823 1161 3899 decimo,
1183 3830 1217 3887 ct
1238 3826 1330 3909 regni

172 3950 256 3993 anno
278 3950 364 3993 xxv:
387 3930 601 3996 Personaliter
623 3934 819 3997 constitutus
846 3934 1011 3998 Johannes
1036 3935 1161 4018 Iogana
1187 3934 1228 3999 de
1253 3936 1331 4000 Car-

171 4040 307 4117 connell,
329 4062 428 4104 manu
450 4044 584 4124 propria,
607 4044 697 4107 debit
718 4045 879 4120 saisinam,
901 4054 1022 4109 statum
1043 4045 1280 4124 hereditarium,
1295 4056 1330 4112 et

171 4153 364 4237 corporalem
378 4154 611 4237 possessionem
626 4155 728 4218 tocius
744 4163 776 4219 et
791 4157 913 4240 integre
934 4157 1022 4221 illius
1044 4157 1209 4221 orientalis
1232 4158 1328 4223 dimi-

171 4265 224 4329 die
252 4266 353 4348 partis
382 4265 527 4328 omnium
557 4272 590 4328 ct
620 4266 820 4351 singularum
850 4274 1006 4332 terrarum
1035 4269 1075 4334 dc
1105 4269 1328 4348 Bannachtan,

171 4375 374 4440 extendentis
400 4376 440 4439 ad
465 4396 531 4439 xxv
556 4376 707 4441 solidatas
733 4384 888 4442 terrarum
919 4380 1045 4461 antiqui
1069 4388 1230 4459 extentus,
1252 4402 1328 4446 cnm
