2994 4936
252 424 317 486 464
730 437 936 485 raorocoum

86 619 144 658 an.
163 609 235 659 1512.
251 595 362 659 eodem
372 596 537 678 expressis,
547 595 661 659 habuit
671 594 858 658 mandatum
869 594 1020 677 aprefato
1032 594 1191 678 Magistro
1203 595 1328 659 Thema
1335 594 1402 658 For·

130 701 194 711 “
250 706 316 783 bas,
331 706 535 789 comparendi
557 728 664 770 coram
685 706 846 789 preposito
861 705 914 770 vel
932 704 1064 769 balliuis
1079 705 1119 769 de
1135 706 1280 790 Glnsgw,
1294 709 1328 770 in
1340 726 1401 790 pre

250 817 331 880 torio
346 817 528 896 eorundem,
548 818 601 882 vel
624 817 709 893 alibi,
731 824 764 882 et
786 817 832 880 ibi
854 837 933 899 pure
955 817 1139 900 resignandi
1161 825 1268 881 certos
1290 836 1402 881 annues

251 929 403 1006 redditus,
418 950 514 1013 super
529 930 647 1012 quibus
663 929 740 1012 ipse,
755 928 885 992 nomine
908 928 1019 991 Sancti
1035 928 1139 992 Rechi
1161 928 1359 1005 confessoris,
1372 938 1400 992 ct

250 1041 383 1105 ecclesie
398 1062 455 1105 suc
478 1047 569 1105 extra
590 1045 697 1124 portas
719 1040 856 1104 boriales
878 1039 918 1103 de
941 1039 1079 1122 Glasgtv,
1095 1039 1212 1103 habuit
1234 1048 1354 1104 statum
1372 1046 1401 1103 et

251 1153 403 1216 saisinam
418 1160 451 1216 ot
465 1152 659 1235 corporalem
678 1150 918 1234 possessionem,
934 1151 1063 1214 nomine
1084 1150 1170 1214 dicte
1189 1151 1324 1216 ecclesie
1337 1157 1399 1215 tau·

251 1270 334 1343 tum;
346 1272 379 1328 et
388 1264 536 1327 similiter
544 1263 727 1346 resignandi
736 1263 772 1325 in
780 1262 929 1325 manibus
939 1261 1087 1345 Magistri
1097 1262 1238 1326 Rolandi
1248 1262 1399 1337 Blacader,

251 1374 424 1438 subdecani
447 1375 662 1457 Glasguousis,
683 1395 781 1437 vnam
803 1374 934 1436 domum
957 1393 1030 1437 cum
1053 1372 1154 1449 horto,
1170 1382 1264 1438 extra
1285 1382 1398 1458 portam

250 1485 311 1548 Vie
327 1486 488 1548 Batauum
510 1485 550 1549 de
573 1484 710 1569 Glasgw,
725 1486 760 1547 in
775 1485 893 1567 quibus
908 1485 985 1567 ipse,
1000 1485 1131 1548 nomine
1148 1484 1283 1550 ecclesie
1298 1484 1399 1549 Sancti

251 1596 351 1659 lteehi
365 1595 509 1679 predicti,
524 1597 588 1659 fuit
603 1597 637 1659 111
653 1597 772 1659 saisina
793 1604 827 1660 et
848 1603 935 1659 statu
955 1595 1156 1672 hereditario,
1172 1603 1206 1660 et
1222 1617 1288 1660 non
1310 1596 1400 1672 alias3

249 1708 356 1792 vigore
371 1709 455 1772 dicte
470 1708 637 1791 potestatis
650 1715 682 1770 et
694 1707 846 1783 mandati,
857 1707 1033 1790 resignauit
1048 1707 1169 1771 dictam
1184 1707 1319 1772 domum
1332 1728 1399 1772 curn

248 1820 340 1884 horto
367 1828 399 1885 et
420 1820 637 1904 pertinenciis,
664 1819 823 1882 iacentem
852 1819 937 1882 inter
962 1825 1061 1883 terras
1091 1817 1398 1902 capellanie'Sancti

249 1932 428 2010 Michaelis,
440 1932 572 1995 fimdate
584 1938 666 1994 retro
679 1931 809 1993 ianuam
825 1929 997 1994 australem
1012 1929 1144 1993 ecclesie
1160 1931 1398 2015 metropolitane

249 2043 464 2128 Glasguensis,
489 2044 529 2107 ad
556 2043 720 2117 orientem,
746 2050 779 2105 et
803 2049 902 2104 terras
932 2041 1094 2123 quondam
1124 2041 1225 2105 Alani
1256 2042 1336 2107 Hall
1363 2040 1399 2105 ad

248 2156 454 2232 occidentem,
476 2176 532 2238 per
558 2162 674 2218 terram
701 2161 732 2217 et
756 2153 888 2236 lapidee,
910 2153 946 2215 in
968 2154 1115 2217 manibus
1142 2154 1221 2217 dicti
1247 2154 1399 2219 Johannis

248 2267 397 2343 Graham,
412 2266 526 2330 bollini
547 2266 581 2328 iu
604 2266 663 2328 hac
686 2272 775 2348 parte
798 2264 877 2328 dicti
901 2264 1038 2327 ltolandi
1054 2264 1209 2330 Blacader
1223 2265 1399 2340 subdecani,

247 2399 303 2460 per
328 2379 436 2461 ipsum
458 2378 497 2441 ad
520 2378 580 2441 1100
595 2377 669 2440 viue
692 2377 779 2440 vocis
803 2375 931 2439 oraculo
955 2375 1137 2458 specialiter
1159 2377 1349 2457 constituti3
1369 2388 1398 2440 ct

247 2490 372 2564 iterum,
396 2488 482 2551 idem
504 2490 645 2552 bolliuus
672 2489 762 2551 dedit
784 2489 944 2563 saisinam,
967 2495 1088 2550 statum
1110 2487 1349 2565 hereditarium,
1369 2502 1399 2551 et

247 2598 441 2681 corporalem
458 2600 690 2680 possessionem
706 2599 850 2662 eiusdem
869 2599 1055 2674 terremeuti,
1071 2599 1254 2663 cumberto
1277 2609 1310 2664 et
1331 2620 1396 2683 per-

247 2709 402 2784 tinentiis,
417 2729 473 2790 per
488 2717 604 2771 terram
619 2715 652 2772 et
666 2708 797 2791 lapides,
814 2711 969 2793 Magistro
985 2710 1093 2773 Dauid
1110 2711 1278 2787 Murlrede,
1294 2711 1395 2795 capel·

247 2821 330 2897 lano,
346 2819 510 2883 fundando
532 2821 566 2882 in
590 2820 723 2884 ecclesia
746 2821 856 2885 Sancti
879 2821 988 2898 Itoehi,
1012 2829 1044 2885 et
1067 2823 1305 2886 successoribus
1328 2823 1400 2897 suis,

248 2934 377 2997 nomine
392 2933 478 2996 dicte
493 2933 624 2997 ecclesie
641 2941 673 2995 et
689 2954 752 2994 mm
768 2932 856 3008 salias,
873 2934 964 2995 iuxta
987 2942 1131 2996 tenorem
1144 2934 1356 2999 ¹fundationis
1370 2942 1402 2998 et

248 3045 414 3109 erectionis
430 3045 565 3128 desuper
580 3045 732 3120 faciende,
748 3043 837 3107 salue
860 3045 928 3107 iure
951 3044 1131 3120 cuiuslibet,
1146 3045 1402 3128 imperpetuum:

249 3157 408 3220 Soluturis
434 3158 508 3220 inde
531 3157 698 3220 aunuatim
722 3177 817 3219 0110111
839 3163 872 3218 et
898 3177 1021 3218 annuos
1047 3156 1191 3220 redditus
1218 3158 1309 3240 prius
1332 3157 1404 3222 inde

248 3267 333 3331 solui
355 3268 448 3331 solita
471 3275 504 3331 et
526 3276 695 3330 consueta:
719 3267 821 3329 Peciit
847 3266 931 3329 idem
959 3267 1117 3331 Murhede
1139 3269 1270 3332 1101111110
1293 3290 1352 3333 sue
1374 3278 1405 3334 et

249 3400 465 3443 successorum
481 3379 714 3441 iustrumenta:
737 3379 820 3439 Acta
835 3377 922 3458 opud
937 3378 1042 3440 solum
1057 3379 1142 3442 dicte
1157 3379 1272 3443 domus
1281 3405 1290 3459 ;
1313 3381 1404 3445 testi-

248 3493 317 3568 bus,
334 3491 498 3574 Magistris
514 3491 620 3552 Adam
644 3488 1013 3571 011111111101111,1011011110
1037 3490 1267 3572 Elpliiustouu,
1282 3492 1405 3556 bulliuo

248 3602 287 3665 de
304 3602 441 3683 Glasgw,
457 3601 585 3663 domino
601 3599 784 3663 Alexandro
802 3600 992 3675 lloliorteuu,
1008 3601 1204 3665 Archibaldc
1227 3603 1404 3681 Crawsurd,

249 3712 432 3775 Alexandro
458 3713 579 3790 Andro,
603 3712 762 3775 Micliacle
787 3711 991 3793 Culquhoun,
1014 3713 1058 3776 M.
1086 3713 1253 3778 Willelmo
1284 3715 1403 3793 Brnun,

249 3824 271 3887 J
272 3823 369 3887 acobo
384 3823 541 3887 lienteum

508 4101 578 4160 (303.
603 4099 773 4161 tlummnn
796 4116 838 4161 m:
861 4102 991 4163 Sinera
1015 4101 1137 4162 ltocrio.

289 4273 419 4336 Eisdem
435 4292 491 4356 per
505 4272 629 4334 ormiia:
656 4272 744 4336 ldem
759 4281 950 4356 procumter,
966 4272 1095 4336 nemine
1110 4293 1173 4355 quo
1189 4292 1293 4356 supra,
1304 4274 1403 4358 resig-

245 4385 338 4447 nauit
371 4378 432 4466 rrijd
461 4383 562 4446 annui
588 4383 740 4459 redditus,
766 4386 932 4449 aunuatim
960 4391 1116 4449 exeuntes
1146 4385 1185 4449 de
1216 4392 1402 4450 tenemento
