2994 4936
232 431 294 496 276
708 444 914 492 raoroconm

68 629 125 666 An).
144 618 216 666 1509.

90 710 179 795 Fl-
536 657 608 720 353.
632 657 827 721 Carnorum
850 656 1078 720 Grmcmssn

111 762 144 796 o.
160 748 199 796 88.

275 829 338 892 Die
361 830 485 906 Martis,
500 829 566 913 xvij
589 830 720 913 Aprilis,
746 850 830 893 anno
852 827 1109 913 quingentesimo
1131 827 1189 904 ix0,
1210 824 1389 890 indictione

232 939 286 1023 xij,
302 941 506 1023 pontificatus
521 941 543 1004 J
546 940 604 1003 ulii
624 941 666 1005 2⁶¹
684 961 769 1004 anno
791 947 890 1017 sexto,
905 946 938 1004 et
955 939 1044 1023 regni
1059 937 1173 1002 Jacobi
1188 936 1296 1021 quarti
1310 937 1388 1020 xxj:

231 1051 528 1116 Reuerendissimus
544 1053 578 1114 in
589 1052 716 1116 Christo
727 1059 826 1135 pater,
836 1051 977 1116 lacobus
990 1049 1198 1133 Glasguensis
1212 1047 1387 1132 archiepis-

230 1183 337 1245 copus,
352 1162 392 1226 de
407 1184 491 1225 nouo
506 1163 541 1225 in
553 1163 826 1246 archiepiscopum
836 1162 1067 1245 Glasguensem
1082 1167 1294 1237 consecratus,
1308 1159 1388 1225 fecit

229 1271 312 1335 illud
324 1274 542 1355 juramentum
556 1273 823 1356 archiepiscopale
838 1280 1025 1336 contentum
1036 1272 1072 1334 in
1086 1271 1177 1336 libris
1192 1277 1387 1335 statutorum

228 1382 363 1464 capituli
390 1381 606 1466 Glasguensis,
628 1385 796 1448 continens
826 1384 1078 1468 archiepiscopos
1103 1381 1328 1466 Glasguenses,
1349 1381 1387 1445 in

228 1492 330 1556 forma
344 1492 438 1556 solita
453 1501 486 1557 et
501 1501 660 1570 consueta,
679 1495 775 1578 juxta
790 1502 932 1559 tenorem
947 1495 1057 1577 scripti
1072 1494 1208 1576 desuper
1223 1492 1334 1570 habiti,
1349 1492 1388 1555 in

228 1589 391 1687 presencie
421 1605 552 1669 Roberti
578 1606 715 1670 Forman
741 1606 861 1684 decani,
884 1612 918 1670 et
943 1605 1077 1689 capituli
1103 1604 1320 1689 Glasguensis,
1342 1604 1385 1668 ad

227 1736 344 1779 sonum
359 1736 511 1800 campane
533 1717 660 1800 pulsate
682 1719 716 1780 in
735 1717 802 1782 loco
825 1717 993 1801 capitulari
1015 1716 1234 1800 capitulariter
1255 1735 1386 1799 congre·

227 1828 303 1911 gati,
317 1833 403 1891 tacto
417 1829 459 1891 ab
473 1829 533 1892 hoc
554 1829 756 1913 corporaliter
771 1836 905 1912 pectore,
924 1830 1037 1912 jurans
1051 1828 1086 1890 in
1101 1827 1198 1891 verbo
1212 1825 1386 1910 archiepis-

228 1938 333 2021 copali
356 1945 390 2002 et
415 1947 525 2003 sancta
548 1940 612 2005 Dei
636 1940 818 2023 euangelia:
849 1940 951 2004 Peciit
976 1939 1063 2003 idem
1088 1938 1228 2002 decanus
1254 1937 1386 2002 nominc

229 2050 355 2133 proprio
370 2058 403 2114 et
418 2051 552 2134 capituli
573 2053 803 2117 instrumenta:
825 2051 910 2115 Acta
924 2051 958 2113 in
973 2050 1043 2114 loco
1064 2049 1234 2133 capitulari
1256 2048 1335 2113 hora
1348 2048 1386 2113 ix

228 2168 305 2225 ante
320 2161 493 2238 meridiem,
508 2162 562 2226 vel
577 2163 714 2243 eacirca;
735 2163 880 2239 testibus,
895 2161 1077 2226 reuerendis
1093 2161 1127 2224 in
1143 2160 1270 2225 Christo
1285 2161 1386 2244 patri-

230 2273 290 2336 bus
305 2278 338 2336 et
353 2272 491 2336 dominis
515 2272 632 2350 Dauid,
647 2275 711 2338 Dei
724 2274 828 2358 gracia
843 2274 991 2358 episcopo
1006 2271 1201 2357 Ergadiensi,
1219 2270 1386 2337 Willelmo

229 2383 437 2465 permissione
459 2383 571 2447 diuina
592 2384 707 2449 abbate
730 2385 769 2449 de
794 2385 1013 2469 Kylwynyng,
1039 2384 1178 2466 dompno
1199 2382 1386 2448 Alexandro

230 2493 314 2569 Scot,
343 2493 447 2576 priore
476 2494 516 2558 de
547 2495 736 2578 Kilwynyn,
766 2497 811 2560 M
839 2497 960 2559 Thema
990 2494 1163 2571 M⁰Clelan,
1192 2502 1226 2559 et
1254 2493 1386 2558 domino

229 2604 253 2666 J
255 2604 380 2667 ohanne
396 2605 554 2680 Rankine,
568 2606 749 2688 presbitero

648 2881 719 2944 354.
745 2881 965 2964 [Dncrrus.]*

274 3051 405 3116 Eisdem
426 3051 504 3129 loco,
521 3052 724 3129 barasonem
740 3054 861 3118 eisdem
878 3055 1023 3131 testibus,
1039 3054 1124 3118 idem
1147 3053 1286 3118 decanus
1308 3052 1386 3118 fecit

230 3161 450 3227 obedienciam
472 3163 608 3240 solitam,
623 3165 708 3228 dicto
731 3165 995 3230 reuerendissimo
1010 3165 1094 3249 patri
1116 3172 1149 3229 et
1172 3165 1239 3229 suis
1260 3184 1384 3229 succes-

231 3274 363 3351 soribus,
383 3277 532 3357 caponice
555 3277 759 3352 intrantibus,
782 3278 918 3360 desuper
937 3277 977 3340 ad
1000 3285 1110 3341 sancta
1131 3277 1195 3341 Dei
1217 3275 1386 3360 euangelia

227 3385 371 3467 juratus:
395 3387 638 3471 competierunt
659 3388 744 3452 idern
766 3389 1051 3453 reuerendissimus
1073 3394 1106 3452 et
1131 3388 1270 3452 decanus
1293 3387 1384 3451 hinc·

68 3530 190 3581 vm„
231 3496 306 3560 inde
332 3497 564 3563 instrumenta:
587 3501 670 3564 Acta
693 3507 731 3563 vt
758 3509 792 3564 et
817 3501 873 3563 vbi
898 3521 1002 3583 supra,
1026 3507 1136 3584 postea
1158 3521 1199 3563 ex
1225 3499 1385 3583 presentia

64 3610 218 3711 &mtto
232 3606 389 3670 dictorum
401 3611 541 3688 testium,
557 3632 661 3675 coram
677 3632 728 3675 me
744 3613 867 3675 notario
882 3613 916 3674 in
932 3612 1052 3676 eisdam
1067 3611 1136 3676 loco
1151 3617 1184 3675 et
1199 3610 1285 3686 hora,
1299 3610 1384 3675 idem

66 3724 201 3800 ampiepis·
230 3715 370 3782 decanus
385 3722 549 3784 reuocauit
560 3722 620 3786 hoc
635 3722 721 3804 quod
733 3742 829 3805 supra
840 3723 964 3786 dixerat
975 3723 1104 3786 nomine
1116 3721 1262 3805 capituli:
1277 3721 1384 3786 Etiam

66 3805 131 3853 ὥρι’
230 3826 315 3890 idem
338 3829 517 3910 capitulum
533 3831 659 3895 irritum
674 3838 708 3896 ct
730 3853 855 3897 cassum
878 3833 992 3897 habuit
1013 3833 1073 3898 hoc
1096 3832 1181 3916 quod
1201 3832 1335 3909 dixerat,
1349 3831 1385 3896 in

230 3957 289 4000 sua
304 3937 484 4002 obedientia
496 3941 625 4005 nomine
640 3942 781 4025 capituli,
791 3963 850 4007 nec
862 3943 1045 4007 huiusmodi
1056 3944 1238 4008 obedientie
1249 3943 1387 4007 assensit

229 4069 286 4113 seu
309 4048 468 4127 dissensit,
484 4071 627 4115 asserens
649 4053 756 4136 ipsum
779 4055 934 4118 decanum
957 4055 1142 4119 nullomodo
1164 4055 1263 4119 luisse
1278 4053 1320 4118 ab
1338 4053 1386 4118 eis

229 4160 415 4223 mandatum
446 4161 485 4225 de
516 4161 623 4226 taliter
652 4164 860 4246 exprimendo
889 4187 981 4230 suam
1010 4166 1225 4231 obedientiam
1254 4165 1384 4230 nomine

229 4271 371 4355 capituli

443 4403 456 4428 ⁰
476 4398 544 4454 'l'his
556 4400 723 4455 instrument
736 4400 759 4454 is
771 4400 876 4456 crossed
888 4409 938 4457 out
950 4403 979 4456 in
991 4400 1038 4455 the
1051 4401 1175 4473 original.
