2994 4936
249 409 311 471 210
726 418 931 468 morocoria

84 600 142 636 nn.
162 586 234 638 1607.
249 580 402 656 redditus,
418 577 656 654 tantummodo,
670 597 728 660 pro
750 577 839 639 omni
860 575 923 639 alio
946 594 1048 651 onere,
1071 581 1138 650 eta,
1161 575 1401 658 consequenter

130 679 196 689 -
249 693 336 756 idem
358 690 558 755 subdecanus
573 689 748 773 resignauit
763 689 865 752 dictas
888 693 1025 769 quatuor
1039 686 1139 764 rodas,
1155 687 1261 769 quoad
1276 687 1405 752 feodum

249 803 432 880 earundem,
458 801 648 866 reseruando
672 801 735 864 sibi
763 821 820 883 pro
846 799 914 862 vita
937 819 995 861 sua
1018 798 1156 862 liberum
1185 804 1406 863 tenementum

250 915 432 991 earundem,
447 914 482 976 in
497 913 645 977 manibus
661 912 739 975 dieti
754 911 868 975 balliui
892 910 1093 993 recipientia;
1116 917 1149 973 et
1163 910 1250 974 idem
1266 911 1407 975 ballium

252 1027 341 1092 dedit
356 1034 478 1090 statum
495 1025 580 1088 feodi
596 1024 769 1088 earundem
784 1023 941 1098 rodarum,
957 1029 990 1085 et
1003 1022 1198 1105 corporalem
1212 1023 1407 1105 possession·

252 1160 312 1215 em,
327 1144 487 1202 reseruata
511 1143 549 1199 ut
573 1134 773 1218 premittitur
787 1134 887 1198 libero
902 1141 1086 1197 tenemento
1098 1134 1271 1198 earundem
1285 1134 1409 1218 prefato

253 1248 399 1313 Rolando
424 1268 482 1331 pro
505 1247 574 1309 vita
596 1266 662 1323 sua,
686 1266 743 1328 per
762 1253 880 1308 terram
899 1253 932 1308 et
954 1245 1077 1327 lapides
1097 1245 1226 1309 domino
1242 1245 1408 1310 Willelmo

254 1360 444 1424 Gartschore
470 1357 643 1440 capellano,
667 1358 795 1420 nomine
822 1357 962 1433 ecclesie,
986 1365 1020 1421 et
1045 1378 1110 1421 non
1132 1357 1220 1434 aliae,
1235 1357 1329 1422 aliter
1351 1378 1410 1423 nec

253 1469 464 1552 aliquomodo,
489 1469 545 1531 vbi
571 1475 604 1533 et
630 1467 758 1551 quando
783 1467 882 1531 alicui
907 1467 1093 1551 particulari
1117 1469 1249 1533 ecclesie
1274 1469 1411 1534 seruieio

254 1589 312 1645 aut
333 1580 434 1657 altari,
454 1601 511 1664 pro
534 1580 627 1642 libito
651 1579 730 1643 dieti
751 1579 925 1643 subdecani
944 1580 1129 1663 applicandi
1151 1587 1185 1644 et
1201 1580 1411 1645 annectendi:

256 1692 429 1756 Reddenda
441 1691 516 1755 inde
527 1691 695 1755 annuatim
707 1690 848 1754 ministri
859 1700 892 1754 et
903 1691 1062 1774 capellani
1073 1692 1200 1756 seruieii
1211 1691 1344 1757 ecclesie
1355 1700 1411 1757 aut

256 1804 366 1868 altaris
389 1805 506 1887 quibus
530 1803 616 1867 dicte
641 1803 716 1866 rode
741 1802 893 1885 applicari
916 1803 1116 1887 contigerint,
1138 1804 1263 1887 prefato
1277 1804 1410 1890 pupillo,

256 1924 289 1980 et
303 1916 474 1980 heredibus
490 1915 565 1991 suis,
588 1915 702 1996 xxviij·
724 1915 825 1977 annui
839 1914 992 1990 redditus,
1014 1916 1245 1994 tantummodo,
1264 1924 1332 1994 etc,
1354 1937 1411 2000 pro

257 2029 345 2091 omni
371 2028 434 2091 alio
460 2047 574 2091 onere:
597 2026 700 2090 Peeiit
726 2025 812 2089 idem
838 2025 1047 2104 subdecanus,
1070 2027 1201 2091 nomine
1225 2028 1353 2111 proprio
1378 2034 1412 2093 et

257 2141 399 2211 ecclesie,
429 2139 662 2202 instrumenta:
695 2137 779 2201 Acta
808 2157 904 2219 super
933 2137 1226 2203 solum'dicterum
1254 2139 1412 2216 rodarum,

257 2250 334 2313 hora
363 2249 504 2313 secunda
533 2255 606 2331 post
635 2248 818 2328 meridiem;
851 2248 996 2324 testibus,
1019 2249 1064 2312 M.
1088 2249 1227 2314 Roberto
1249 2249 1413 2328 Maxwell,

258 2361 379 2424 Thema
395 2359 552 2442 Hugonis,
564 2357 730 2422 Willelmo
746 2358 875 2441 Hynde,
887 2359 1025 2423 Patricio
1038 2359 1221 2444 Robynso'n,
1232 2362 1413 2447 sergeaudo,

258 2471 367 2535 Dauid
382 2471 522 2545 Portare,
537 2477 569 2532 et
584 2469 713 2533 domino
728 2471 750 2533 J
752 2471 878 2534 ohanne
894 2470 1037 2553 Spittele.

683 2745 752 2807 264.
776 2745 989 2810 Anonosoua.

304 2917 367 2982 Die
389 2918 412 2982 J
414 2917 492 2994 ouis,
508 2917 648 2981 secunda
671 2917 875 3000 Septembris,
890 2939 974 2982 anno
997 2919 1255 3004 quingentesimo
1269 2922 1415 3006 septimo,

260 3030 436 3095 indictione
459 3030 590 3106 decima,
613 3030 818 3112 pontificatus
840 3031 925 3095 Julii
947 3030 991 3095 21¹¹
1013 3052 1097 3095 anno
1112 3032 1156 3110 4⁰,
1170 3038 1205 3098 et
1218 3033 1309 3117 regni
1330 3053 1415 3096 anno

261 3142 424 3206 vicesimo:
440 3142 463 3206 J
465 3141 606 3205 ohannes
618 3140 824 3218 Owstumare,
836 3150 1020 3224 procurator
1031 3151 1064 3208 et
1079 3144 1259 3209 eonomine
1274 3142 1414 3206 Isabelle

262 3253 459 3329 Patriksone‚
475 3272 590 3335 sponse
613 3252 733 3316 Thome
749 3253 934 3330 Gurdinare,
958 3275 1032 3318 eum
1055 3253 1224 3338 presencia,
1245 3271 1413 3328 consensu,

261 3370 294 3428 et
308 3363 475 3428 voluntate
491 3365 635 3429 eiusdem
657 3364 787 3441 Thome,
802 3365 842 3429 de
864 3365 956 3429 cuius
979 3368 1081 3431 eciam
1107 3362 1244 3431 Isabelle
1264 3382 1414 3448 procura·

261 3473 358 3538 tionis
382 3475 542 3552 mandato,
567 3495 625 3559 per
648 3474 758 3540 literas
783 3482 930 3559 patentes
953 3476 1106 3554 eiusdem,
1121 3476 1226 3562 sigillo
1247 3482 1415 3561 procurato

261 3584 466 3665 pereundam
482 3585 613 3650 Roberti
637 3585 742 3662 Leich,
758 3587 924 3670 burgensis
946 3587 985 3651 de
1009 3587 1225 3665 Dunbretane‚
1238 3586 1417 3673 legitimam

262 3693 339 3757 feeit
360 3694 464 3770 fidem,
490 3715 547 3777 per
572 3703 689 3759 terram
718 3704 751 3761 et
780 3698 912 3781 lapides,
938 3699 1105 3782 dictasque
1134 3698 1243 3764 literas
1273 3698 1418 3764 mandati

262 3810 418 3885 patentes,
432 3824 560 3867 sursum
575 3805 674 3883 dedit,
690 3829 815 3872 necnon
838 3830 857 3874 a
879 3809 967 3874 dictu
983 3810 1131 3886 Isabella‚
1146 3810 1278 3893 suisque
1292 3809 1418 3876 heredi·

264 3915 323 3977 bus
344 3921 378 3977 et
400 3914 579 3996 assignatis,
595 3935 652 3998 pro
676 3927 839 4001 perpetuo,
865 3941 944 4003 pure
967 3921 1221 4005 simpliciterque
1241 3920 1420 4006 resignarit

263 4024 435 4108 quamdam
449 4025 574 4107 peciam
596 4032 687 4104 terre,
706 4029 868 4111 jacentem
890 4031 925 4093 in
947 4031 1080 4097 ciuitate
1097 4030 1300 4116 Glasguensi‚
1315 4032 1351 4094 in
1365 4032 1420 4096 via

262 4156 327 4218 qua
356 4135 421 4199 itur
450 4135 491 4198 ab
521 4136 655 4202 ecelesia
684 4141 858 4205 cathedrali
887 4142 928 4206 ad
958 4163 1093 4220 crucem,
1115 4164 1135 4207 a
1156 4150 1247 4227 parte
1270 4141 1421 4208 orientali

262 4245 406 4312 eiusdem
428 4246 500 4324 vici,
522 4247 607 4312 inter
628 4257 729 4315 terras
751 4252 885 4317 fratrum
906 4254 1141 4338 predicatorum
1162 4255 1203 4320 de
1225 4254 1358 4339 Glagw
1378 4253 1421 4319 ab

262 4355 404 4432 annau,
418 4362 453 4422 et
474 4363 574 4423 terras
596 4358 676 4426 dieti
698 4361 818 4429 Thome
838 4365 1014 4431 Gerdinare
1036 4385 1056 4430 a
1077 4365 1192 4431 boriali
1214 4365 1369 4450 partibus,
1383 4363 1420 4430 in
