2994 4936
246 396 308 459 392
723 408 930 457 ruorocoum

84 594 140 631 an.
157 583 230 630 1510.
246 567 439 650 corporalem
461 587 518 631 seu
540 567 718 651 dampnum
740 565 907 650 corporale,
923 564 1052 629 domino
1072 564 1225 630 Johenni
1247 564 1404 631 melusd

126 673 190 683 ...-

245 678 428 762 presbitero,
444 678 548 742 iurato
570 679 646 755 illic,
661 699 695 742 se
718 678 831 742 timere
853 677 989 753 eosdem,
1004 681 1038 740 et
1052 675 1238 760 dampnum
1253 676 1406 762 corporale

245 811 416 873 passurum
438 791 478 852 ab
500 790 634 854 eisdem:
656 789 760 853 Peciit
781 789 868 852 idem
891 788 1041 852 dominus
1054 787 1227 853 Johannes
1245 786 1405 854 Crawfurd

245 903 479 966 instrumenta:
500 901 585 965 Acta
607 901 642 963 in
656 901 726 964 loco
742 900 912 983 capitulari
926 899 1003 963 hora
1018 900 1050 981 xj
1068 907 1145 963 ante
1160 900 1346 975 meridiem,
1358 898 1406 963 vel

247 1014 346 1093 circa3
368 1013 513 1089 testibus,
529 1012 693 1096 Magistris
708 1012 731 1075 J
732 1011 858 1075 ohanne
880 1010 1028 1094 Sprewle,
1043 1010 1067 1075 J
1067 1010 1167 1075 aoobo
1183 1011 1304 1091 costis,
1320 1012 1406 1077 Petro

247 1126 365 1202 Broun,
390 1125 511 1187 Thema
540 1123 731 1199 M⁰Clelane
761 1122 900 1186 dominis
929 1122 1050 1186 Thomu
1079 1120 1251 1201 Sibbauld,
1277 1130 1313 1189 et
1337 1124 1407 1189 Ru·

246 1236 406 1299 tholomeo
422 1235 522 1298 Blare.

718 1400 788 1462 506.
813 1399 932 1462 Busan

288 1568 419 1633 Eisdem
434 1589 491 1652 per
505 1570 630 1633 omnia:
653 1571 746 1648 Quod
762 1571 890 1655 publice
905 1570 1012 1635 citetis
1027 1569 1114 1653 apud
1129 1589 1260 1635 crucem
1275 1571 1405 1637 foralem

245 1679 285 1743 de
309 1680 417 1757 Invia,
432 1681 581 1745 omnibus
605 1687 637 1746 et
660 1682 797 1766 singulis
819 1682 974 1746 interesse
995 1680 1199 1757 habentibus,
1218 1702 1278 1766 per
1300 1682 1407 1748 litems

245 1791 358 1856 decani
373 1793 412 1857 de
436 1793 621 1877 (lonigham
637 1800 787 1857 executas
809 1815 866 1877 per
888 1793 1082 1877 Magistrum
1104 1792 1263 1857 Thomam
1284 1794 1406 1859 Seotet

245 1905 413 1969 dominum
428 1905 583 1969 Thomam
598 1905 696 1980 Auld,
712 1906 904 1989 presbiteros
926 1904 1012 1988 apud
1036 1904 1144 1981 Irwin,
1158 1904 1200 1968 ed
1220 1925 1407 1990 comparen-

245 2017 325 2081 dum
346 2038 452 2081 coram
474 2017 739 2081 reuerendissimo
761 2022 860 2099 patre,
875 2016 897 2079 J
899 2017 996 2080 acobo
1018 2015 1213 2099 Glasguensi
1234 2017 1406 2101 archiepis·

245 2148 333 2211 copo,
348 2129 456 2192 suisve
479 2128 678 2205 comissariis,
693 2127 728 2190 in
742 2127 812 2191 loco
828 2127 1006 2211 capitulari,
1021 2126 1162 2210 predicto
1185 2126 1239 2191 die
1262 2128 1406 2204 instanti,

245 2240 285 2302 ad
301 2240 559 2323 prosequendum
574 2240 740 2303 dominum
751 2240 949 2303 Wmfridum
965 2239 1058 2303 Blare
1073 2238 1254 2315 diaconum,
1268 2260 1328 2324 pro
1342 2246 1407 2305 arte

245 2358 278 2414 et
292 2357 382 2433 parte
397 2351 629 2415 interfectionis
641 2350 803 2435 quondam
811 2350 969 2414 Willelmi
979 2349 1152 2426 Crawfurd,
1162 2350 1223 2413 filii
1235 2358 1271 2415 et
1281 2351 1406 2417 heredis

245 2461 368 2523 domini
391 2462 566 2538 Bethleem,
581 2462 792 2545 replegiatum
815 2482 834 2525 a
856 2482 955 2525 cornu
976 2461 1060 2545 regis
1082 2482 1138 2544 per
1159 2460 1264 2525 dictos
1287 2462 1407 2547 Magis·

244 2577 331 2633 tmm
346 2570 501 2633 Thomam
517 2579 550 2634 et
572 2573 739 2635 dominum
762 2573 925 2650 Thornam,
940 2572 1049 2656 uigore
1066 2573 1225 2636 dictarum
1239 2572 1406 2637 literarum

245 2681 445 2745 comissionis
463 2681 575 2745 decani
591 2684 719 2764 p1·esati;
746 2692 779 2747 et
793 2684 970 2748 videndum
985 2692 1017 2748 et
1032 2682 1229 2747 audiendum
1244 2684 1406 2749 iusticiam

244 2791 429 2868 ministrari,
452 2798 485 2855 ct
511 2792 782 2875 complementum
804 2793 930 2859 iusticie
954 2796 1023 2859 fiori
1048 2816 1143 2878 super
1165 2794 1252 2859 dicto
1276 2796 1407 2861 domino

244 2904 413 2982 wmfrido,
429 2912 462 2968 et
477 2905 588 2969 ceteris
604 2904 728 2968 elericis
744 2926 838 2989 super
853 2906 1038 2970 huiusmodi
1053 2906 1226 2971 homicidio
1237 2909 1406 2987 accusatis,

245 3039 319 3082 oum
347 3017 551 3080 intimatione
581 3016 728 3100 publica;
761 3038 797 3081 ac
826 3018 954 3099 publico
983 3019 1105 3082 vocatis
1131 3018 1167 3080 in
1192 3018 1298 3083 voluis
1327 3020 1407 3085 dieti

244 3130 378 3215 capituli
401 3151 474 3193 cum
496 3130 698 3193 intimatione
720 3129 872 3212 predicta,
892 3135 925 3193 ct
949 3129 1033 3193 nulli
1054 3136 1275 3212 comparentes
1298 3131 1405 3215 ipsum

244 3243 411 3306 dominum
426 3242 623 3304 Wrusridum
637 3241 797 3324 prosecuti
819 3248 896 3304 sunt
918 3247 975 3303 aut
997 3248 1196 3319 accusarunt,
1212 3241 1289 3307 licet
1304 3242 1406 3326 aliqui

244 3355 340 3419 amici
362 3363 395 3417 ct
417 3353 544 3437 cogmoti
566 3353 646 3416 dicti
669 3353 765 3416 occisi
787 3358 949 3435 presentes
973 3353 1112 3429 fuerunt,
1134 3353 1406 3428 viz.,Wi11e1mus

244 3466 365 3530 Peteon
380 3466 419 3528 dc
436 3465 556 3540 eodem,
572 3474 605 3527 et
619 3464 804 3527 Alexander
819 3463 985 3528 Orawsurd
1000 3484 1170 3547 germanus
1189 3464 1269 3528 dicti
1288 3467 1405 3531 occisi:

244 3578 348 3640 Peciit
374 3577 459 3640 idem
486 3575 634 3639 dominus
659 3576 838 3639 ll'rulridus
862 3577 1095 3640 iustrumenta:
1122 3577 1207 3640 Acta
1228 3583 1265 3640 vt
1290 3584 1324 3641 et
1349 3577 1405 3642 vbi

244 3708 346 3769 supra.

570 3851 640 3914 507.
667 3851 1073 3913 Brisoanuu—llaxu'ruu.

286 4023 358 4099 Die,
383 4042 501 4096 meuse,
527 4021 709 4098 irulictioue,
735 4044 828 4100 anuo,
852 4024 1049 4106 pontificatu,
1074 4024 1192 4106 quibus
1216 4023 1404 4090 immediato

242 4142 335 4210 retro,
351 4135 384 4197 in
400 4153 511 4195 manso
527 4132 647 4194 domini
670 4135 850 4198 cancellarii
872 4135 1090 4217 (llasguensis,
1105 4134 1183 4200 hora
1197 4136 1290 4219 quasi
1304 4137 1405 4203 tercia

242 4238 315 4328 'post
339 4245 510 4319 meridiem,
535 4243 671 4307 testibus
695 4244 851 4327 Magistro
873 4246 1019 4310 Rolando
1042 4246 1197 4311 Blacader
1220 4247 1403 4313 subdecano

243 4355 443 4440 Glasguensi‚
455 4355 604 4419 Jolranne
618 4354 769 4419 llexwell
786 4356 825 4420 de
837 4356 1009 4433 Akiulreid,
1023 4358 1222 4443 Kcntigomo
1237 4358 1403 4437 Maxwell,
