2994 4936
254 417 320 484 478
737 432 944 480 ruoroooms

86 617 143 654 aa.
164 607 235 654 1512.
251 591 444 666 huiusmodi,
456 578 559 653 eidem
575 590 668 653 modo
684 589 914 664 comminando,
926 589 1019 652 modo
1035 588 1240 665 blandiendo,
1252 597 1290 653 vt
1304 589 1404 654 inflec-

133 697 197 707 “
251 708 333 765 16161
354 722 388 765 66
410 701 451 764 61
474 701 738 784 complacendum
759 701 915 784 Magistro
937 701 959 764 J
961 700 1080 764 ohanni
1095 700 1245 783 Formae,
1260 701 1319 784 qui
1335 707 1405 765 tunc

251 813 302 876 ius
325 813 359 875 in
380 813 511 877 abbacia
530 813 570 876 16
593 813 828 895 Kylwynnyng
849 811 1068 895 pretendebat,
1090 817 1122 874 et
1144 812 1287 895 aperiret
1308 819 1408 895 portas

251 925 387 1007 predicti
410 924 595 987 monasterii
624 924 710 1006 regio
733 923 870 1006 praeoni,
893 931 926 986 et
947 923 1061 987 ceteris
1083 923 1229 986 eiusdem
1251 923 1407 1007 opinionis

252 1037 335 1100 foras
364 1043 471 1120 portas
501 1035 685 1099 huiusmodi
716 1035 975 1110 consistentibus,
997 1034 1122 1098 tamdiu
1152 1034 1351 1118 complexus,
1380 1043 1408 1099 et

251 1148 365 1220 tenuit,
381 1148 489 1222 donec,
505 1167 602 1210 suasu
617 1146 749 1229 dompni
764 1145 943 1209 Alexandri
959 1145 1042 1221 Scot,
1057 1145 1171 1228 prioris
1194 1144 1236 1209 de
1254 1145 1408 1230 Kylwyn·

252 1279 349 1341 nyng,
364 1265 397 1321 et
412 1257 592 1339 aliquorum
608 1277 739 1319 suorum
754 1263 957 1332 armatorum,
966 1256 1119 1319 inductus
1135 1255 1287 1320 abbatem
1303 1256 1408 1320 huius·

253 1368 347 1444 modi,
370 1366 515 1430 anhelitu
541 1367 744 1431 deficientem
774 1375 807 1430 et
836 1366 1004 1431 debilitate
1030 1367 1130 1430 forme
1160 1367 1356 1444 confectum,
1379 1378 1409 1432 at

253 1478 436 1541 huiusmodi
447 1497 541 1541 voces
552 1478 691 1553 dantem,
708 1478 812 1541 Sinite
824 1499 874 1542 me
890 1478 943 1541 hic
957 1477 1074 1553 sedere,
1083 1483 1117 1541 et
1131 1485 1301 1560 amputate
1316 1478 1409 1544 michi

253 1595 357 1672 caput,
380 1589 456 1671 quia
478 1588 518 1651 ad
542 1609 595 1652 666
619 1609 699 1670 quas
721 1589 821 1652 michi
843 1589 1021 1672 proponitis
1043 1594 1149 1672 partes
1172 1594 1206 1652 61
1227 1590 1409 1671 opinionem

252 1699 414 1776 inclinare,
424 1700 491 1762 vita
501 1700 718 1775 continuante,
728 1720 894 1782 nunquam
904 1700 1031 1763 animus
1040 1700 1164 1763 erit—a
1172 1719 1207 1763 se
1218 1700 1358 1765 dimisit:
1371 1701 1410 1764 Et

253 1811 487 1888 nichilominus,
504 1811 701 1895 aliquamdiu
717 1810 903 1894 quiescendi
918 1810 1020 1893 gratia
1035 1810 1209 1886 sedentem,
1224 1810 1410 1896 diutiusque

252 1924 360 1988 sedere
383 1929 416 1986 et
438 1944 571 2006 pausare
586 1922 756 1998 volentem,
772 1923 888 1984 iterum
908 1929 1005 2003 atque
1025 1921 1142 1984 iterum
1162 1923 1359 2023 renitentem
1380 1932 1411 1988 et

253 2034 488 2112 reclamantem,
512 2035 546 2097 vi
569 2039 601 2097 et
623 2033 777 2096 violentia
800 2032 913 2108 denuo,
939 2054 997 2116 per
1017 2032 1148 2096 brachia
1167 2034 1411 2116 apprehensum,

253 2145 293 2208 ad
307 2153 415 2228 portas
431 2166 533 2227 vsque
548 2145 628 2208 dicti
642 2144 705 2207 loci
719 2144 886 2228 primarias
901 2144 1045 2207 inuitum
1063 2144 1163 2206 traxit
1184 2150 1219 2208 et
1240 2146 1411 2227 perduxit:

254 2257 318 2334 Qui
341 2257 409 2320 illic
433 2257 583 2332 existens,
605 2277 672 2333 sua,
695 2262 733 2318 vt
756 2256 901 2330 asseruit,
925 2255 1141 2338 appellatione
1164 2255 1276 2334 frctus,
1296 2265 1330 2321 61
1352 2258 1410 2321 sub

252 2369 448 2451 protectione
487 2368 624 2431 Romani
661 2367 822 2451 pontificis
860 2372 1026 2450 propterea
1063 2367 1268 2445 constitutus,
1305 2378 1410 2453 portas

251 2478 438 2541 huiusmodi
468 2478 601 2555 clausas,
625 2478 703 2542 licet
732 2480 854 2561 prelato
879 2478 977 2560 Regia
1007 2466 1188 2542 Maiestatis
1211 2499 1350 2562 precone
1371 2480 1409 2543 61

253 2589 460 2669 aperiendum
475 2589 683 2653 vehementer
704 2598 841 2672 rogatus,
856 2611 893 2653 ac
916 2611 972 2672 spe
995 2610 1123 2672 quoque
1144 2591 1311 2673 pensionis
1333 2592 1410 2656 dicti

253 2699 378 2762 abbatis
400 2707 559 2762 reseruata
583 2706 615 2762 et
637 2720 693 2781 per
722 2701 830 2764 sedem
853 2701 1062 2783 apostolicam
1085 2702 1269 2765 confirmate
1293 2704 1409 2768 multo

255 2810 341 2874 ciens
371 2810 541 2893 proposita,
567 2811 689 2892 prefato
719 2813 848 2893 preconi
878 2834 915 2875 66
944 2813 1046 2876 nobili
1072 2821 1105 2877 et
1125 2814 1251 2895 potenti
1281 2814 1411 2879 domino

254 2922 449 2987 Archibaldo
475 2922 585 2987 comiti
608 2923 753 3006 Angusie
778 2944 814 2986 66
841 2923 954 2987 6616116
981 2924 1113 2988 aduerse
1142 2925 1313 3007 opinionis,
1335 2926 1411 2989 foris

220 3059 227 3070 ·
254 3041 332 3098 tunc
362 3035 575 3099 existentibus
601 3042 633 3098 et
663 3035 784 3117 aperire
806 3036 998 3117 petentibus,
1022 3042 1204 3098 constanter
1232 3040 1412 3102 recusauit:

254 3147 423 3210 Petierunt
437 3147 523 3210 idern
538 3147 635 3210 abbas
651 3153 683 3209 ct
699 3147 855 3228 Magister
870 3146 1053 3209 Willelmus
1070 3147 1213 3229 Barclay,
1225 3159 1411 3230 procurator

253 3258 386 3333 abbatis,
398 3259 438 3321 de
450 3258 542 3320 661116
554 3258 704 3320 1116111616
717 3264 841 3321 constat
856 3258 961 3336 michi,
974 3259 1188 3323 instrumenta
1198 3246 1213 3323 τ’
1227 3260 1312 3324 Acta
1327 3261 1412 3325 intra

252 3376 343 3451 septa
358 3370 436 3433 dicti
452 3368 522 3444 loci,
534 3369 670 3432 testibus
687 3369 805 3450 quibus
820 3389 933 3450 supra:
957 3371 1104 3433 Preterea
1119 3370 1224 3435 dictus
1236 3372 1344 3448 abbas,
1355 3394 1412 3457 per

251 3479 374 3543 dictum
401 3480 550 3542 comitem
574 3479 762 3554 Glencarne,
786 3487 823 3542 vt
848 3481 1054 3561 premittitur,
1078 3489 1196 3558 tentus,
1219 3489 1252 3547 61
1278 3504 1298 3546 6
1324 3484 1412 3548 dicta

251 3599 341 3672 porta
363 3591 470 3654 clausa
492 3592 533 3654 ad
555 3599 677 3673 partem
701 3591 817 3653 ductus
841 3592 925 3654 111161
951 3593 1122 3656 monachos
1145 3614 1228 3669 suos,
1250 3594 1291 3658 61
1314 3615 1412 3678 super

251 3701 313 3764 sibi
324 3702 494 3783 propositis
507 3723 562 3784 per
573 3702 696 3765 dictum
708 3702 866 3777 comitem,
878 3703 1025 3767 suasione
1037 3711 1070 3767 61
1082 3705 1244 3768 coactione
1256 3705 1410 3783 eiusdem,

251 3810 497 3874 consultandum
522 3820 554 3875 et
577 3812 827 3890 deliberandum,
850 3834 988 3876 unacum
1012 3814 1078 3877 suis
1101 3815 1267 3879 monachis
1296 3815 1410 3881 huius·

250 3922 337 3985 modi
359 3942 378 3983 a
400 3922 485 3985 dicto
508 3922 624 3987 comite
647 3923 798 3987 dimissus
818 3932 851 3987 61
873 3925 1076 4000 constitutus
1092 3926 1267 3990 solenniter
1288 3935 1410 4010 protes·

249 4039 336 4096 tatus
367 4040 416 4095 est
445 4054 509 4095 11611
540 4033 650 4097 661616
680 4034 750 4110 sibi,
780 4035 910 4117 suisque
941 4037 1070 4100 abbacie
1100 4046 1133 4101 et
1162 4039 1346 4114 conuentui,
1376 4047 1410 4104 61

249 4146 517 4228 appellationibus
547 4166 603 4227 pcr
637 4146 743 4228 ipsum
773 4147 851 4210 alias
887 4147 1094 4231 interpositis,
1124 4149 1159 4211 in
1193 4150 1407 4232 preiudicium

249 4257 399 4339 aliquod:
423 4259 491 4320 Nee
515 4264 681 4339 propterea
703 4277 737 4319 se
759 4257 843 4320 velle
865 4259 919 4322 vel
941 4260 1107 4325 intendere
1129 4261 1275 4326 16661616
1296 4282 1316 4325 6
1338 4263 1408 4327 suis

249 4369 517 4450 appellationibus
532 4367 725 4444 huiusmodi,
737 4368 763 4431 si
780 4369 886 4433 forsan
902 4371 1018 4435 adicto
1030 4373 1147 4436 comite
1162 4372 1202 4436 de
1217 4372 1408 4450 Glencarne,
