2994 4936
220 420 282 483 160
695 431 902 480 raorocorm

55 616 113 656 nn.
129 606 201 657 1506.
217 591 312 675 regiis
328 591 464 675 desuper
477 590 603 668 leuatis,
619 596 653 656 et
674 590 822 654 omnibus
845 588 1089 673 emergentibus,
1107 588 1374 673 dependentibus,

96 698 162 710 '—
217 704 370 768 connexis
392 711 426 768 et
447 703 581 768 annexis
604 710 637 767 et
651 701 916 767 concernentibus
938 699 1072 766 eandem
1087 701 1319 785 obligocionem
1341 709 1375 768 et

218 821 369 879 contenta
390 815 425 878 in
447 814 567 891 eadem,
593 814 849 897 imperpetuum
878 818 911 876 et
936 811 1148 876 nihilominus
1174 812 1374 896 judicialiter

217 927 405 991 exonerauit
432 926 553 991 dictem
583 925 821 1009 obligaoionem,
850 929 884 989 et
913 925 1141 988 concernentia
1169 925 1313 1003 eandem,
1339 934 1373 990 et

217 1044 368 1102 contenta
382 1038 417 1101 in
432 1038 551 1113 eadem,
567 1043 600 1101 et
622 1036 884 1120 quieteclamauit
899 1034 1021 1099 dictum
1043 1036 1225 1119 Iekprevik
1242 1043 1276 1101 et
1297 1056 1372 1101 suos

217 1149 257 1213 de
283 1149 412 1225 eisdem,
434 1155 468 1213 et
492 1148 640 1231 promisit
664 1155 698 1211 et
723 1146 879 1231 obligauit
905 1167 947 1223 se,
969 1146 1110 1224 heredes,
1132 1152 1317 1213 executores
1339 1156 1372 1213 et

216 1261 399 1342 assignatos,
415 1265 525 1323 contra
546 1259 734 1342 premissam
755 1258 1042 1335 renunciacionem,
1061 1259 1324 1324 exoneracionem
1339 1268 1373 1325 et

216 1370 559 1454 quieteclemacionem,
582 1390 749 1453 nunquam
771 1391 828 1453 per
853 1389 887 1433 se
916 1377 974 1433 aut
1003 1390 1086 1446 suos,
1108 1370 1143 1432 in
1168 1370 1293 1454 judicio
1318 1371 1372 1437 vel

216 1489 314 1558 extra,
330 1488 398 1559 etc,
414 1482 580 1546 deuenire:
598 1481 701 1545 Peciit
715 1481 800 1545 idern
816 1481 998 1563 Iekprevik
1014 1482 1235 1559 instrumenta,
1252 1482 1370 1566 quibus

215 1593 358 1678 sigillum
373 1593 495 1657 domini
510 1593 653 1657 officialis
668 1599 718 1657 est
732 1613 926 1669 concessum,
942 1599 1145 1677 procuratum
1167 1614 1225 1677 per
1246 1592 1371 1659 dictum

216 1705 413 1789 Lekprevik:
435 1705 520 1769 Acta
534 1712 572 1769 ut
586 1725 688 1788 supra

645 1976 716 2044 207.
740 1978 936 2040 errnavrx

257 2150 387 2215 Eisdem
420 2171 513 2227 anno,
542 2150 603 2226 die,
633 2170 751 2226 mense,
780 2148 965 2224 indictione,
994 2146 1072 2225 loco,
1105 2148 1192 2226 hore,
1221 2150 1368 2229 testibus,

213 2262 363 2326 dohanne
392 2260 540 2325 Maxvell
569 2261 608 2324 de
635 2260 808 2337 Akinheid,
832 2260 961 2324 domino
990 2259 1176 2325 Alexandro
1202 2260 1306 2339 Blare,
1336 2268 1371 2327 et

213 2372 368 2456 Magistro
384 2372 478 2436 Petro
494 2372 610 2447 Broun,
627 2372 671 2434 M.
695 2371 805 2434 Dauid
828 2371 1014 2455 Conigham,
1029 2371 1174 2436 officialis
1190 2371 1369 2457 Glnsguen·

213 2483 266 2559 sis,
281 2483 316 2545 in
331 2482 485 2546 tribunali
496 2481 695 2565 judicialiter
709 2481 831 2558 sedens,
847 2482 988 2546 absoluit
1002 2483 1025 2546 ,J
1026 2482 1185 2548 ohannem
1201 2483 1369 2548 dominum

214 2593 412 2669 Oathkert,a
434 2593 597 2656 sentencia
619 2593 970 2670 excommunicacionis,
987 2614 1084 2676 quam
1107 2594 1290 2658 incurrebat
1311 2615 1370 2680 per

210 2704 319 2768 literas
334 2704 477 2768 eiusdem
493 2704 760 2788 compulsoriales,
775 2704 816 2767 ad
838 2705 1029 2768 instanciam
1045 2705 1172 2770 domine
1188 2706 1369 2791 Margarete

212 2818 385 2881 Houstonn
411 2816 521 2880 relicte
547 2816 710 2898 quondam
735 2816 855 2880 domini
884 2816 923 2880 de
951 2817 1038 2899 Lyle,
1064 2838 1105 2881 ex
1135 2838 1294 2883 consensu
1320 2820 1367 2885 M.

211 2928 398 2993 Archibaldi
425 2927 597 3004 Crawfurd,
623 2927 835 3010 procuratoris
861 2927 1006 2992 eiusdem
1028 2927 1155 2993 domine
1178 2928 1369 3014 margarete,

211 3041 252 3104 ab
266 3041 343 3104 hora
358 3039 566 3105 confectionis
580 3041 789 3123 presencium,
805 3060 861 3122 per
877 3046 978 3102 totam
1001 3046 1127 3103 noctem
1142 3046 1175 3103 et
1190 3041 1367 3105 crastinum

211 3153 298 3218 diem
334 3153 502 3228 inclusiue,
532 3152 572 3215 ad
609 3151 767 3215 cautelam
805 3172 879 3214 cum
912 3151 1106 3215 reincidere:
1143 3151 1247 3216 Peciit
1276 3152 1363 3216 idem

210 3265 234 3329 J
235 3267 375 3330 ohannes
398 3263 576 3349 Lekprevik
599 3263 831 3328 instrumenta:
852 3261 937 3325 Acta
951 3268 988 3326 vt
1003 3270 1036 3326 et
1052 3262 1107 3325 vbi
1122 3283 1227 3346 supra,
1246 3262 1364 3346 judici-

210 3377 312 3455 aliter,
327 3399 392 3441 non
407 3385 456 3443 est
471 3377 611 3462 sigillum
627 3395 820 3441 concessum

542 3651 613 3714 208.
637 3649 1038 3714 Inxrarvrx-Srnwxnn.

252 3816 382 3881 Eisdem
411 3838 503 3894 anno,
533 3819 594 3895 die,
623 3840 741 3897 mense,
767 3820 951 3899 indictione,
977 3821 1173 3906 pontificatu,
1198 3819 1366 3885 lohannes

208 3928 389 4011 Ielprevik
404 3928 443 3992 de
459 3928 628 3993 Goldinlee
643 3931 814 4012 quamdam
837 3931 1041 4015 obligaeionis
1063 3932 1246 4016 pergameni
1268 3931 1365 3997 codu-

207 4038 282 4116 lam,
304 4038 396 4102 nobis
419 4039 550 4103 notariis
576 4039 708 4103 tradidit
734 4041 971 4124 excopiandam,
994 4044 1033 4108 de
1055 4043 1150 4108 verbo
1173 4043 1208 4106 in
1230 4043 1365 4107 verbum

207 4151 493 4227 tmnssumendam,
508 4157 541 4214 et
562 4151 596 4213 in
618 4150 741 4233 publici
762 4155 972 4237 transsumpti
992 4155 1127 4218 -formam
1150 4153 1365 4238 redigendam,

206 4261 314 4347 vigore
329 4261 421 4326 cuius
435 4261 591 4346 obligauit
605 4282 639 4326 se
654 4262 779 4327 Alenus
794 4263 938 4328 Steward
957 4265 997 4330 de
1021 4265 1169 4349 Craghull
1183 4274 1217 4331 et
1230 4265 1365 4332 heredes

207 4392 291 4451 suos,
316 4379 508 4451 executores,
533 4373 718 4459 assignatos,
744 4375 867 4459 prefato
894 4374 1075 4459 Iekprevik
1100 4384 1134 4441 et
1159 4398 1217 4442 sue
1247 4379 1364 4463 sponse
