2994 4936
90 629 146 665 an.
165 616 236 665 1512.

106 2334 160 2385 Fol.
176 2338 231 2384 153.

252 429 316 490 468
728 443 934 490 raoroconm

253 602 337 664 dicte
354 601 461 676 creste,
471 608 503 662 et
515 601 610 662 vnius
626 600 757 663 dimidie
772 602 870 683 partis
886 621 943 683 pro
958 600 1097 662 indiuisa
1112 598 1276 662 dictarum
1290 605 1404 661 austra·

253 712 334 775 lium
361 718 516 775 terrarum
546 711 761 774 adiacentium
791 711 947 775 cimiterio
977 710 1127 793 predicto,
1152 730 1211 793 per
1236 715 1355 773 terram
1376 715 1406 771 et

254 822 385 905 lapides,
408 824 530 905 prefato
557 823 711 905 Magistro
738 823 846 885 Dauid
869 828 902 885 et
924 821 1158 885 successoribus
1181 820 1260 896 suis,
1282 820 1405 883 nomine

255 934 386 997 ecclesie
402 935 511 997 Sancti
527 933 636 1009 Rochi,
649 953 704 1015 per
719 932 887 997 lineatores
903 932 1044 997 ciuitatis
1060 931 1271 1014 Glasguensis
1290 930 1405 1014 equali-

256 1054 304 1108 ter
319 1045 581 1121 diuidendarum;
603 1065 668 1107 non
686 1044 897 1126 specificando
912 1043 1041 1107 climata
1055 1043 1090 1105 in
1105 1043 1225 1125 quibus
1241 1042 1328 1106 dicte
1348 1041 1405 1104 due

255 1156 388 1221 dimidie
414 1164 520 1239 partes
550 1157 664 1232 iacent,
690 1177 748 1219 uec
775 1155 1002 1239 distinguendo
1028 1154 1124 1218 clima
1147 1175 1168 1218 a
1192 1155 1342 1218 climate:
1368 1153 1407 1216 Et

256 1268 387 1332 alterius
416 1267 547 1330 dimidie
577 1268 677 1349 partis
703 1288 759 1348 pro
788 1267 928 1330 indiuisa
954 1268 1038 1330 dicte
1068 1266 1167 1330 creste
1193 1273 1227 1330 et
1257 1275 1406 1330 terrarum

257 1380 414 1441 dictarum
430 1377 627 1453 australium,
641 1398 697 1459 pro
712 1379 832 1440 mansis
853 1378 1011 1452 dictorum
1034 1376 1275 1460 capellanorum
1295 1376 1407 1440 consti·

257 1496 408 1564 tuterum,
420 1489 541 1570 prelato
556 1489 685 1551 domino
697 1488 880 1552 Alexandro
896 1498 929 1552 et
944 1490 1011 1552 suis
1026 1488 1271 1564 suecessoribus,
1282 1489 1406 1552 nomine
1470 1482 1476 1491 ’

257 1621 321 1683 quo
337 1621 440 1683 supra,
455 1621 512 1683 per
526 1600 628 1663 dictos
643 1600 813 1663 lineatores
829 1599 985 1682 equaliter
1007 1599 1308 1682 dispertiendarum
1324 1599 1409 1664 nulla

257 1712 467 1795 specificando
483 1712 612 1775 climata
627 1713 660 1774 in
678 1712 794 1794 quibus
810 1712 893 1775 dicte
909 1712 1041 1775 dimidie
1064 1718 1169 1794 partes
1192 1711 1307 1788 iacent,
1323 1711 1408 1775 saluo

258 1826 326 1888 iure
342 1823 514 1888 cuiuslibet
529 1825 782 1906 imperpetuum:
806 1823 974 1886 Petierunt
989 1822 1067 1886 dicti
1083 1822 1240 1905 Magister
1255 1823 1366 1885 Dauid
1379 1832 1410 1886 et

258 1937 406 2000 dominus
422 1936 606 1999 Alexander
629 1934 758 1998 Roberti
774 1935 903 1997 nomine
919 1954 977 1998 suc
992 1941 1026 1997 et
1041 1953 1260 1998 successorum
1283 1955 1410 1997 suorum

258 2049 487 2111 instrumenta:
511 2049 594 2110 Acta
608 2053 644 2108 vt
659 2055 691 2108 et
707 2046 762 2108 vbi
777 2065 878 2127 supra.

575 2325 644 2388 607.
670 2306 852 2398 Srnuinnn,
868 2324 1094 2385 Anncowrur.

301 2496 363 2557 Die
380 2496 503 2570 Martis,
519 2498 573 2576 xxj
592 2496 786 2571 Decembris,
797 2517 881 2558 anno
897 2496 1067 2559 millesimo
1082 2495 1340 2577 quingentesimo
1359 2495 1410 2576 xij,

258 2603 431 2667 indictione
458 2607 569 2686 prima,
593 2607 797 2687 pontificatus
828 2607 911 2669 Julii
938 2605 981 2668 2(ῙΙ
1004 2627 1087 2669 anno
1114 2606 1246 2682 decime,
1269 2613 1302 2670 et
1324 2606 1410 2689 regni

257 2715 370 2779 ‹lucobi
402 2716 506 2797 quarti
538 2701 621 2778 aimo
652 2738 727 2792 xxv,
753 2696 838 2780 intra
868 2718 1025 2801 hospitale
1057 2718 1167 2781 Sancti
1196 2717 1347 2781 Nichclai
1374 2717 1411 2780 de

259 2827 395 2910 (llosgw,
411 2828 488 2890 hora
503 2829 535 2909 xj
553 2835 625 2890 onte
644 2829 810 2890 meridiem
825 2829 876 2892 vel
900 2830 992 2904 circa,
1008 2831 1143 2892 testibus
1166 2829 1272 2891 Adam
1297 2828 1411 2904 Quhit·

258 2941 349 3003 surde
376 2940 415 3003 dc
442 2940 561 3014 eodem,
585 2940 740 3003 Niclrcluo
767 2941 884 3016 Brenn,
907 2949 939 3004 et
966 2934 1128 3023 Stephano
1152 2940 1411 3023 Walkynschaw,

258 3052 414 3134 Magister
430 3053 586 3115 liebertus
606 3052 759 3115 Maxwell
783 3053 953 3115 eanonicus
977 3052 1193 3134 Glasguensirr,
1208 3051 1411 3115 renunciauit

258 3164 406 3225 omnibus
430 3164 491 3225 iuri
515 3172 547 3226 et
574 3163 669 3225 titulo
693 3164 772 3226 iuris
796 3171 829 3226 et
855 3163 983 3238 clame0,
1006 3184 1068 3244 qua
1095 3163 1191 3225 habet
1217 3182 1274 3226 seu
1297 3162 1413 3226 habere

258 3275 375 3356 poterit
397 3274 431 3335 in
455 3274 609 3349 futurum,
632 3275 665 3336 in
693 3283 725 3337 et
751 3274 792 3336 ad
818 3275 941 3336 firmam
969 3273 1244 3337 Penteclrostalem
1269 3274 1413 3355 proxime

259 3389 400 3448 suturam
422 3391 577 3448 terrarum
593 3384 670 3447 ville
693 3385 732 3447 de
755 3384 885 3447 Nedder
907 3384 1027 3459 Pollok,
1043 3384 1094 3447 vel
1118 3384 1195 3446 alias
1219 3383 1329 3466 aliquo
1352 3385 1415 3447 alio

259 3497 351 3559 modo
374 3497 413 3559 ad
438 3497 544 3558 finnus
560 3497 684 3558 suturas
700 3495 857 3558 dictarum
874 3503 1029 3557 terrarum
1052 3503 1085 3559 et
1107 3495 1290 3557 huiusmodi
1314 3503 1415 3559 terras

259 3629 332 3670 cum
348 3608 558 3688 pertinentiis,
574 3608 680 3689 vigore
696 3606 904 3669 assedationis
920 3607 981 3668 sibi
998 3607 1152 3689 Magistro
1168 3606 1307 3669 Roberto
1330 3607 1414 3671 facte

257 3719 297 3780 (le
313 3719 432 3780 eisdem
448 3719 539 3780 terris
555 3739 611 3799 per
626 3719 648 3781 J
649 3719 806 3780 ohannem
824 3717 966 3780 Stewarrl
982 3717 1021 3780 de
1036 3717 1244 3800 Ardgou'aue
1256 3718 1414 3781 cessiona-

258 3829 341 3890 rium
357 3836 390 3890 at
405 3829 602 3909 assignatum
623 3829 702 3892 dicti
725 3829 872 3909 Magistri
896 3829 1034 3904 lrabeat,
1057 3829 1203 3890 wardarii
1225 3828 1414 3913 principalis

257 3940 413 4003 dictarum
444 3947 598 4001 terrarum
629 3939 668 4002 de
699 3939 828 4003 Nodder
858 3938 989 4001 Pollok:
1024 3940 1122 4003 Petiit
1151 3940 1237 4002 idem
1268 3940 1412 4005 Steward

257 4053 486 4114 instrumenta:
512 4051 593 4112 Acta
608 4057 644 4113 vt
659 4058 692 4113 et
708 4050 762 4112 vbi
778 4072 882 4132 supra.
