2994 4936
244 424 305 485 148
712 437 917 484 rnorocomn

77 618 135 656 aa.
154 607 227 655 1506,
243 594 473 678 Kilwynnyng,
488 595 587 657 trium
602 594 789 657 libratarum
804 599 959 658 terrarum
973 593 1013 657 de
1029 592 1277 675 Skirlynlandis,
1289 592 1398 675 jacen-

122 698 188 708 *
243 707 329 770 cium
351 707 386 769 in
408 707 507 769 ballia
529 707 569 770 <le
592 705 777 790 Conigham,
800 707 885 769 intra
908 706 1169 769 vicecomitatum
1194 704 1235 768 de
1256 705 1344 781 Aine,
1366 713 1399 768 et

242 819 364 882 habens
379 819 614 883 assedacionem
628 819 800 882 earundem
815 838 872 901 pro
887 824 955 881 toto
970 825 1112 900 tempore
1126 817 1194 880 vite
1209 837 1276 893 sue,
1292 824 1326 880 et
1340 815 1399 879 hoc

243 953 300 1015 pro
315 953 349 994 se
364 938 397 995 et
418 931 486 994 suis
509 931 685 1014 assignatis,
701 930 869 994 constituit
886 936 919 994 et
940 929 1109 1004 onlinauit
1124 936 1220 1012 prout
1241 928 1399 1011 presentis

243 1042 450 1105 instrumenti
476 1051 593 1117 tenore,
620 1042 788 1105 constituit
811 1049 845 1106 et
870 1041 996 1104 ordinat
1021 1040 1175 1103 Thomam
1198 1039 1345 1103 Wilsone
1367 1045 1400 1103 et

243 1154 426 1217 Johenncm
448 1153 600 1230 Wilsone,
617 1173 691 1216 suos
714 1154 826 1216 fratres
847 1173 1022 1236 germanos,
1037 1171 1112 1216 suos
1126 1171 1218 1215 veros
1240 1150 1400 1235 legitimos

244 1271 277 1328 et
303 1265 500 1328 indubitatos
526 1265 711 1347 assignatae,
737 1284 793 1347 pro
820 1272 888 1327 toto
918 1271 1061 1346 tempore
1091 1283 1148 1326 sue
1176 1261 1400 1337 assedacionis,

243 1376 454 1458 quadraginta
465 1375 610 1438 solidatis
621 1376 779 1438 dictarum
791 1376 890 1438 trium
900 1374 1088 1439 libratarum
1099 1394 1174 1438 cum
1185 1373 1400 1456 pertinenciis,

243 1486 396 1550 videlicet
411 1486 589 1569 quemlibet
611 1487 783 1549 eorundem
798 1487 997 1570 assignatum
1019 1508 1064 1549 xx
1086 1485 1230 1550 solidatis
1244 1492 1401 1548 terrarum

244 1598 402 1662 dictarum
428 1598 527 1661 trium
552 1597 749 1674 libratarum,
776 1599 810 1660 in
836 1598 979 1663 uberiore
1008 1598 1118 1674 forma,
1142 1596 1297 1660 soluendo
1326 1596 1401 1660 inde

244 1710 412 1773 annuatim
438 1710 533 1774 dictis
563 1709 672 1773 abbati
702 1717 735 1773 et
760 1709 936 1774 conuentui
964 1729 1060 1773 onera
1085 1715 1119 1772 et
1141 1708 1250 1771 firmas
1275 1707 1401 1772 debitus

245 1822 334 1905 prius
349 1829 382 1885 et
396 1830 580 1886 consuetas:
597 1822 700 1886 Pcciit
714 1822 800 1886 idem
815 1821 952 1884 Thomas
967 1820 1122 1896 Wilsone‚
1136 1840 1193 1903 pro
1208 1839 1242 1883 se
1257 1827 1291 1883 et
1306 1819 1402 1884 fratre

246 1955 304 1998 suo
326 1935 484 2011 Jobanne,
507 1935 738 1998 instrumenta:
763 1935 846 1997 Acta
867 1933 952 1995 intra
973 1932 1139 1996 ciuitatem
1161 1930 1402 2015 Glusguensem,

246 2046 281 2108 in
305 2046 396 2109 horto
418 2046 526 2109 edium
546 2045 623 2109 dicti
643 2044 841 2120 Arelribaldi,
861 2044 938 2107 hora
961 2044 1055 2126 quasi
1078 2043 1192 2126 quinta
1211 2049 1285 2126 post
1309 2042 1401 2106 meri·

246 2158 341 2233 diem,
363 2156 416 2220 vel
438 2157 576 2234 eacirca3
605 2157 751 2233 testibus,
773 2155 937 2219 Willelmo
960 2154 1105 2236 Galloay‚
1126 2153 1276 2218 Johanna
1294 2154 1402 2239 Byng·

247 2267 365 2344 lau,·et
380 2268 402 2330 J
404 2268 500 2330 acobo
516 2266 667 2330 Wilsone.

608 2539 678 2602 194.
706 2540 1044 2604 curan-sananim

292 2709 389 2771 Anno
404 2710 661 2793 quingentesimo
676 2721 776 2790 sexto,
787 2713 922 2777 Veneris
938 2713 1117 2797 penultimo
1133 2711 1288 2789 Octobris,
1303 2712 1405 2778 indic·

250 2820 336 2884 tione
367 2820 497 2898 decima,
524 2823 729 2904 pontificatus
754 2824 777 2886 J
780 2824 839 2887 ulii
870 2824 914 2888 2⁶¹
940 2846 1023 2887 anno
1050 2825 1093 2900 3⁰,
1118 2831 1150 2889 et
1175 2824 1265 2909 regni
1290 2823 1405 2889 Jacobi

249 2933 356 3015 quarti
371 2954 455 2995 anno
477 2934 564 2997 xix⁰z
588 2934 627 2997 In
643 2936 807 3017 presencia
830 2936 1057 3019 Magistrorum
1075 2936 1212 3000 Dauidis
1228 2935 1405 3021 Conigham

250 3054 284 3110 et
305 3045 376 3109 Ade
400 3044 604 3127 Culquhoun,
628 3047 851 3110 canonicorum
875 3047 1131 3132 Glosgucnsium,
1153 3068 1190 3112 ac
1211 3047 1406 3111 balliuorum

250 3179 307 3241 pro
322 3167 463 3241 tempore
482 3166 636 3221 tonorum
652 3159 692 3222 dc
713 3158 744 3223 lc
767 3159 986 3236 Glranonland,
1002 3160 1036 3222 in
1051 3160 1124 3223 aula
1146 3159 1272 3243 collegii
1292 3159 1406 3223 vicari·

250 3292 339 3332 orum
364 3270 459 3347 chori,
475 3270 559 3334 intra
581 3271 746 3335 ciuitatem
769 3271 1008 3354 Glasguensem,
1029 3272 1063 3334 in
1084 3270 1181 3354 plana
1202 3270 1292 3334 curia
1312 3270 1354 3335 de
1374 3269 1406 3334 le

251 3381 462 3445 Clranonlnnd
476 3403 532 3466 pro
548 3383 703 3447 tribunali
718 3383 912 3460 sedencium,
927 3383 968 3446 ad
982 3384 1056 3465 jura
1070 3382 1231 3446 reddenda
1245 3389 1279 3446 et
1292 3401 1406 3447 causus

250 3494 433 3569 aradiendas,
459 3495 586 3577 meique
616 3496 732 3559 notarii
755 3495 878 3578 publici
907 3503 940 3559 et
966 3494 1098 3558 testium
1124 3493 1407 3577 infrascriptorum

250 3603 457 3684 personaliter
494 3606 661 3670 constituti
698 3606 833 3671 discrete
869 3626 1002 3689 persone
1031 3605 1217 3669 Willelmus
1247 3604 1345 3670 Clark
1373 3612 1408 3669 et

252 3713 430 3777 Kntlrerina
452 3714 594 3791 Stcrlrcd‚
610 3719 773 3798 quondum
796 3739 912 3801 sponsa
934 3719 1053 3782 Thome
1075 3717 1179 3794 Clcrk,
1194 3738 1282 3782 nunc
1297 3723 1407 3781 autem

250 3844 367 3906 sponsu
388 3825 530 3888 Euuami
552 3826 727 3903 Johnsone,
750 3830 897 3893 omnibus
920 3828 1104 3893 melioribus
1126 3828 1229 3905 modo,
1244 3829 1306 3905 vis,
1325 3829 1408 3911 jure,

250 3956 346 3999 cunno
361 3943 394 3999 ct
410 3938 517 4012 sorum,
534 3937 651 4018 quibus
674 3938 790 4001 melius
813 3948 846 4003 et
868 3942 974 4004 tucius
997 3948 1030 4006 et
1052 3941 1210 4005 efficacius
1233 3947 1409 4024 potuerunt

250 4055 283 4111 ct
304 4046 493 4120 debuerunt,
514 4067 579 4110 non
602 4048 636 4110 vi
658 4056 715 4111 aut
737 4057 826 4112 metu
849 4053 958 4129 concti,
981 4052 1062 4129 dolo,
1084 4052 1204 4129 fraude,
1219 4059 1277 4115 out
1291 4050 1409 4134 quouis

249 4157 377 4221 sinistro
393 4159 631 4223 nmchinuciouc
646 4161 864 4239 circunmcnti,
877 4171 933 4226 aut
949 4164 1081 4239 seducti,
1094 4163 1149 4228 scd
1164 4170 1288 4247 sponte,
1298 4162 1409 4241 libare,

249 4268 346 4353 gratis
369 4277 463 4334 etex
487 4270 581 4334 certis
604 4292 722 4349 corum,
744 4280 782 4336 ut
804 4274 961 4351 dicebant,
984 4275 1138 4352 scienciis,
1161 4295 1198 4339 ac
1216 4273 1353 4360 propriis
1375 4281 1410 4338 et

249 4381 432 4466 spontaneis
448 4382 679 4462 voluntatibus,
694 4385 892 4469 maturisque
915 4386 1201 4452 deliberacionibus
1216 4392 1250 4452 et
1264 4384 1409 4452 consiliis
