2994 4936
249 407 312 470 486
725 420 932 468 1101000111

87 580 415 643 r.n.1513.dominum
440 579 662 642 Alexandrum
688 578 830 654 Bunche,
853 577 1046 661 Magistrum
1067 577 1254 641 Johannem
1277 576 1402 640 Bunche

130 682 196 692 ’“
250 698 283 755 01
306 692 499 774 Magistrum
524 691 547 753 J
549 691 709 753 ohannem
732 690 879 765 Forman,
905 689 945 753 ad
971 689 1079 753 sedern
1104 689 1287 753 Romanam
1312 689 1403 752 inter·

249 803 377 885 positas,
393 802 474 866 etin
490 802 638 864 omnibus
653 801 726 864 aliis
742 801 809 864 suis
824 801 928 864 causis
942 800 1039 864 motis
1062 801 1290 879 etmouendis,
1305 821 1402 864 eoram

249 913 494 996 quibuscunque
517 913 686 988 iudicibus,
707 919 740 976 01
763 912 799 974 in
824 912 1071 995 quibuscunque
1094 912 1200 988 curiis,
1217 919 1251 975 01
1271 911 1351 975 locis
1371 931 1403 975 ao

250 1026 363 1089 diebus
387 1026 657 1108 quibuscunque:
694 1023 872 1087 Constituit
904 1024 1003 1087 etiam
1036 1023 1162 1105 aliquos
1192 1023 1234 1087 de
1263 1043 1403 1106 procura·

251 1138 373 1200 toribus
399 1135 623 1218 suprascriptis
650 1134 690 1198 ad
713 1134 787 1197 lites
814 1134 849 1196 in
878 1134 992 1217 patria,
1017 1154 1091 1198 cum
1120 1139 1282 1217 potestate
1311 1134 1403 1197 etiam

251 1248 429 1312 subeundi:
464 1247 641 1310 Constituit
667 1246 764 1310 etiam
791 1245 914 1328 aliquos
945 1245 985 1308 de
1011 1245 1271 1328 procuratoribus
1300 1266 1404 1329 supra·

251 1359 377 1441 scriptis
400 1358 441 1420 ad
463 1358 690 1440 resignandum
710 1358 749 1421 de
764 1377 849 1420 nouo
870 1356 1056 1420 huiusmodi
1070 1376 1162 1420 suam
1185 1356 1359 1432 abbaciam,
1373 1357 1405 1418 in

251 1468 399 1530 manibus
422 1468 461 1531 ad
484 1468 517 1530 id
538 1474 729 1550 potestatem
752 1468 951 1543 habentium,
966 1467 1001 1529 in
1022 1467 1164 1530 fauorem
1180 1467 1297 1531 Jacohi
1318 1467 1405 1532 (1101-

251 1579 379 1662 guensis
400 1578 638 1661 archiepiscopi,
653 1586 686 1642 et
701 1578 956 1642 renunciandum
971 1577 1083 1654 eidem,
1099 1584 1132 1642 et
1153 1578 1406 1643 renunciandum

248 1691 314 1773 juri
335 1690 387 1753 liti
403 1698 435 1753 et
451 1711 553 1766 cause,
569 1711 664 1774 super
686 1690 772 1754 dicta
788 1691 920 1753 abbacia
937 1710 1024 1752 nuno
1045 1688 1209 1772 pendenti,
1224 1698 1258 1754 et
1273 1690 1315 1754 ad
1338 1711 1407 1754 con·

252 1802 456 1866 sentiendum
478 1802 519 1865 ad
542 1802 771 1884 surrogandum
793 1801 975 1883 predictum
994 1800 1270 1883 archiepiscopum
1285 1801 1321 1864 in
1339 1802 1408 1884 jure

252 1936 318 1990 suo,
333 1920 366 1977 et
388 1914 512 1996 aliquos
535 1913 574 1976 de
596 1912 747 1995 predictis
768 1911 1024 1994 procuratoribus
1039 1910 1080 1974 ad
1099 1912 1316 1975 reuocandum
1340 1933 1408 1995 pro-

252 2032 411 2088 curatores
428 2046 483 2106 per
498 2025 603 2106 ipsum
627 2023 827 2097 constitutos,
842 2043 946 2085 coram
964 2020 1092 2084 domino
1108 2022 1130 2083 J
1132 2022 1259 2086 ohanne
1275 2022 1409 2106 Symon·

252 2144 331 2199 101111
347 2137 469 2199 notario
484 2136 613 2218 publico
627 2136 735 2210 iactos,
747 2134 787 2196 ad
803 2132 1029 2216 resignandum
1043 2134 1229 2197 huiusmodi
1244 2135 1408 2198 abbaciam

252 2248 341 2331 prius
356 2248 390 2310 in
406 2248 554 2310 manibus
570 2246 688 2309 summi
702 2245 872 2328 pontificis,
887 2245 941 2308 vel
961 2244 1098 2308 alicuius
1114 2245 1153 2307 ad
1168 2245 1204 2307 id
1218 2253 1408 2328 potestatem

253 2359 408 2434 habentis,
424 2366 457 2420 et
479 2357 520 2420 ad
542 2357 758 2420 intimandum
773 2355 957 2418 huiusmodi
970 2357 1206 2420 reuocationem
1221 2356 1318 2421 dictis
1340 2377 1409 2440 pro·

254 2469 452 2533 curatoribus
474 2469 630 2532 reuocatis
654 2475 686 2533 et
701 2468 773 2531 aliis
790 2468 944 2531 interesse
966 2467 1175 2531 habentibus:
1198 2468 1303 2532 Peciit
1325 2469 1409 2532 idern

253 2579 350 2641 abbas
366 2579 595 2642 instrumenta:
617 2559 701 2642 Acta
718 2586 753 2641 vt
765 2585 796 2642 et
811 2579 866 2641 vbi
881 2600 984 2662 supra.

345 2850 415 2912 632.
439 2849 753 2912 Rauaaaunrssruus
777 2851 1322 2916 (1110001100Α1101111110001110.

296 3023 358 3086 Die
384 3023 523 3098 Sabbati,
549 3022 597 3085 11ο
623 3022 754 3105 Aprilis,
785 3043 869 3085 anno
895 3024 1037 3100 Domini,
1061 3032 1129 3099 etc,
1153 3025 1409 3108 quingentesimo

252 3134 319 3216 xiij,
349 3134 521 3197 indictione
551 3133 662 3217 prima,
693 3136 897 3217 pontificatus
929 3135 952 3197 J
955 3135 1013 3198 ulii
1044 3135 1086 3199 2⁶¹
1103 3157 1186 3199 anno
1212 3135 1346 3213 decimo,
1375 3138 1409 3200 in

252 3245 443 3328 Glasguensi
474 3245 613 3320 ciuitate,
643 3253 717 3308 ante
752 3245 867 3327 januas
900 3245 1013 3308 domus
1043 3246 1249 3310 habitationis
1287 3247 1409 3311 domini

252 3356 441 3420 thesaurarii
464 3356 681 3438 Glasguensis,
697 3356 774 3418 hora
797 3357 937 3420 secunda
959 3363 1031 3439 post
1052 3359 1218 3422 meridiem
1242 3359 1296 3423 vel
1319 3361 1410 3436 circa,

252 3469 388 3531 testibus
411 3461 566 3551 Magistro
582 3468 710 3531 Andrea
731 3467 892 3544 Sibbauld,
908 3469 1057 3533 iratribus
1080 3470 1229 3534 Johanne
1252 3471 1409 3548 Johnson,

251 3579 401 3659 gardiano
418 3579 564 3641 Fratrum
581 3579 745 3642 Minorunr
761 3579 800 3642 de
817 3580 1029 3643 Observantia
1050 3581 1089 3645 de
1106 3582 1243 3664 Glasgw,
1259 3582 1409 3647 Johanne

252 3689 414 3762 Tennand,
431 3689 573 3752 0111011011
590 3689 709 3752 ordinis
725 3690 871 3772 religioso
887 3693 1034 3772 professo,
1051 3691 1235 3755 Alexandro
1257 3692 1362 3757 Cattis
1378 3700 1411 3758 et

251 3799 372 3860 Tlronra
395 3800 551 3872 Bauium,
567 3800 671 3863 laicis:
695 3801 851 3883 Magister
866 3802 1051 3866 Alexander
1066 3803 1177 3886 Inglis,
1192 3804 1409 3868 thesaurarius

251 3909 381 3972 ecclesie
405 3909 622 3991 Glasgucrrsis,
638 3911 725 3975 illico
740 3912 774 3974 vi
795 3920 851 3976 aut
873 3923 962 3977 metu
985 3914 1099 3990 dictus,
1115 3923 1183 3991 etc,
1199 3918 1362 3979 consensit
1377 3925 1409 3981 01

251 4041 306 4103 per
334 4027 497 4102 presentes
528 4023 696 4098 consentit,
722 4023 808 4105 quod
836 4025 1120 4090 reuerendissimus
1150 4034 1241 4110 pater
1266 4027 1408 4092 Jacobus

251 4132 457 4215 Glasguensis
480 4131 735 4215 archiepiscopus
759 4134 909 4218 impetret
927 4137 1114 4200 facultatem
1129 4159 1147 4201 a
1163 4137 1305 4201 Romano
1328 4160 1408 4222 pon-

249 4245 334 4308 tifice
350 4244 389 4307 ad
406 4244 640 4326 disponendum
653 4244 692 4308 de
704 4247 854 4310 omnibus
868 4248 1032 4312 beneficiis
1047 4250 1123 4324 suis,
1132 4250 1201 4325 via,
1211 4250 1409 4315 thesauraria

249 4355 449 4439 Glasguensi,
464 4356 583 4420 vicaria
597 4356 636 4420 de
652 4356 858 4434 Dundonald,
874 4365 906 4423 et
929 4359 1089 4442 prebenda
1104 4368 1137 4425 et
1153 4362 1343 4426 canonicatu
1366 4363 1407 4427 de
