2994 4936
87 631 143 669 an.
163 621 236 672 1513.

252 431 315 494 496
726 445 932 492 ruoroconm

371 652 441 715 645.
467 652 614 715 Ouuax-
622 652 1047 716 wasrna-Exaourouns
1061 653 1299 717 Tristomon

295 823 358 887 Die
374 825 473 901 Lune,
488 832 601 906 quarto
624 825 647 889 J
649 824 716 901 ulii,
733 845 818 888 anno
833 831 866 889 et
881 824 953 889 aliis
968 825 1087 908 quibus
1102 846 1209 909 supra,
1224 825 1305 890 hora
1319 825 1406 910 quasi

250 935 374 998 decima
395 944 469 999 ante
494 935 660 999 meridiem
682 935 735 999 vel
759 936 852 1012 circa,
866 937 1004 1000 testibus
1027 937 1192 1022 Magistris
1216 945 1250 1002 et
1272 937 1406 1002 dominis

249 1047 381 1110 Andrea
404 1047 567 1123 Sibbauld,
586 1046 707 1111 Jacobo
731 1047 943 1131 Oarmyohell,
959 1055 992 1111 et
1014 1048 1111 1113 fratre
1132 1047 1284 1113 Johenne
1306 1048 1405 1112 Akin-

250 1157 330 1221 hede
345 1159 467 1221 minore
483 1158 522 1221 de
539 1158 761 1234 Obseruantia,
776 1157 906 1222 domino
921 1158 1204 1223 WillelmoWeire
1220 1160 1406 1243 presbitero:

250 1270 384 1333 Domini
411 1271 568 1334 Robertus
594 1270 690 1334 Clark
717 1278 750 1334 et
780 1271 938 1334 Bobertus
965 1270 1119 1354 Fawsyde
1145 1271 1294 1336 canonici
1317 1271 1405 1336 ulae

248 1401 393 1463 guenses,
408 1401 445 1444 ac
460 1388 644 1445 executores
667 1380 745 1445 alias
761 1381 929 1444 constituti
952 1402 1008 1465 per
1027 1380 1190 1464 quondam
1213 1381 1405 1466 Magistrum

248 1490 469 1554 Alexandrum
486 1492 587 1575 Inglis
603 1492 836 1555 thesaurarium
852 1492 1093 1576 Glasguensem,
1107 1493 1149 1556 ad
1164 1493 1249 1557 bona
1263 1501 1298 1558 et
1312 1500 1406 1558 testa·

249 1609 395 1666 mentum
411 1602 564 1679 eiusdem,
579 1624 619 1666 ex
635 1604 729 1667 certis
746 1603 850 1666 causis
865 1603 1084 1680 rationalibus,
1096 1611 1165 1680 etc,
1176 1605 1406 1669 renunciarunt

248 1724 281 1778 et
299 1721 464 1778 cesserunt
486 1714 670 1777 huiusmodi
692 1715 794 1778 officio
817 1715 998 1778 executoris
1010 1737 1018 1793 ;
1040 1723 1073 1778 ct
1095 1714 1250 1779 dixerunt
1271 1738 1307 1781 se
1322 1717 1406 1781 nolle

247 1826 461 1889 intromittere
477 1847 550 1889 cum
565 1826 656 1889 bonis
672 1832 705 1889 et
720 1832 911 1890 testamento
927 1825 1080 1901 eiusdem,
1091 1846 1149 1889 nec
1164 1845 1406 1909 supersecuta

247 1937 432 2001 huiusmodi
457 1938 552 2001 officii
575 1945 756 2020 acceptare:
789 1936 839 2000 De
862 1957 925 2019 quo
941 1936 1115 2001 solenniter
1136 1939 1306 2021 protestati
1322 1946 1405 2016 sunt,

247 2049 387 2125 diuisim,
403 2056 435 2112 et
457 2048 595 2130 quilibet
609 2069 717 2112 eorum
733 2055 927 2131 protestatus
942 2055 1000 2125 est,
1015 2057 1047 2112 et
1069 2048 1168 2132 peciit
1190 2049 1330 2132 quilibet
1351 2071 1405 2135 per

248 2181 281 2224 se
298 2160 532 2223 instrumenta:
555 2160 638 2223 Acta
654 2168 690 2222 vt
705 2167 738 2223 et
752 2159 808 2223 vbi
824 2180 927 2242 supra

692 2434 762 2498 646.
787 2433 953 2496 Srawxxr.
1063 2528 1065 2531 v

291 2605 352 2668 Die
378 2604 516 2680 Sabbati,
533 2606 566 2665 2⁰
579 2607 696 2668 mensis
711 2606 733 2669 J
737 2605 803 2682 ulii,
816 2613 898 2669 retro
914 2607 1033 2689 scripto
1048 2627 1131 2669 anno
1146 2607 1402 2692 quingentesimo

246 2717 313 2797 xiij,
328 2716 502 2778 indictione
518 2716 628 2798 prima,
644 2718 850 2797 pontificatus
872 2718 987 2781 Leonis
1003 2718 1119 2781 decimi
1134 2739 1218 2782 anno
1240 2722 1353 2803 primo,
1367 2722 1400 2784 in

245 2827 634 2909 ecclesiametropolitana
646 2827 846 2911 Glasguensi
857 2828 934 2892 hora
945 2830 1038 2912 quasi
1050 2837 1141 2893 sexta
1152 2838 1225 2913 post
1236 2833 1400 2897 meridiem

245 2941 298 3003 vel
309 2940 400 3015 circa,
413 2940 549 3003 testibus
562 2940 726 3023 Magistris
739 2940 861 3003 <Iacobo
873 2940 1017 3015 Neilson‚
1030 2942 1168 3005 Roberto
1179 2943 1401 3028 Hammylton,

244 3058 277 3114 ct
307 3052 456 3114 Johanne
483 3051 615 3126 Murref,
642 3050 763 3113 balliuo
790 3050 829 3114 de
856 3051 987 3134 Glasgu,
1014 3058 1047 3115 et
1077 3052 1216 3115 Patricio
1242 3053 1402 3117 Armour:

245 3161 400 3244 Magister
425 3161 565 3224 Jacobus
596 3161 739 3236 Stewart,
767 3161 872 3244 vigore
894 3162 1035 3244 graciose
1061 3170 1277 3246 expectatura,
1304 3185 1401 3247 quam

242 3272 326 3335 dixit
356 3294 389 3336 se
420 3273 534 3335 habere
561 3293 580 3334 a
605 3272 805 3335 sanctissimo
835 3272 964 3335 domino
991 3280 1098 3336 nostro
1123 3295 1216 3357 papa,
1242 3281 1275 3338 et
1304 3296 1400 3358 quam

243 3384 378 3447 asseruit
394 3404 426 3446 se
442 3382 509 3445 illic
525 3383 559 3445 in
575 3383 723 3445 manibus
745 3383 869 3458 habero,
885 3404 950 3445 non
966 3391 1074 3446 tamen
1097 3383 1176 3466 legit
1191 3405 1270 3460 eam,
1286 3406 1398 3470 accep·

242 3496 325 3558 tauit
354 3496 507 3558 vicariam
536 3502 725 3577 perpetuam
752 3494 791 3558 de
822 3495 1029 3570 Dundonald,
1053 3495 1272 3578 Glasguensirr,
1297 3518 1401 3582 nuper

241 3613 419 3682 vacantem,
442 3615 478 3670 vt
505 3607 649 3681 asseruit,
671 3627 728 3688 per
753 3614 889 3669 mortem
917 3607 1065 3688 Magistri
1091 3606 1270 3670 Alexandri
1298 3610 1400 3694 Inglis

241 3718 348 3781 ultimi
371 3718 482 3781 vicarii
506 3718 657 3792 eiusdem,
684 3726 774 3781 extra
797 3718 974 3780 Romanam
995 3718 1116 3781 curiam
1139 3727 1172 3781 et
1197 3719 1232 3781 in
1254 3721 1401 3803 partibus

241 3828 386 3891 defuncti
398 3852 405 3906 ;
428 3849 501 3891 curn
524 3830 753 3911 protestatione
776 3829 919 3912 quodsi
941 3829 1126 3892 huiusmodi
1149 3830 1268 3894 vicaria
1290 3833 1400 3916 vigore

240 3939 425 4002 huiusmodi
447 3940 550 4021 gracie
574 3940 634 4003 sibi
658 3961 722 4003 non
745 3941 906 4017 debeatur,
929 3940 1157 4004 nichilominus
1180 3942 1271 4005 firma
1292 3944 1401 4026 pecie

239 4050 331 4114 illesa
361 4057 554 4133 permaneat,
581 4058 613 4113 et
636 4050 725 4114 salua
747 4052 788 4115 ad
818 4052 914 4114 aliam
937 4052 1097 4128 vicariam,
1120 4052 1180 4116 sub
1210 4073 1269 4116 sua
1293 4057 1401 4138 gracia

239 4163 382 4244 predicta
397 4164 478 4226 forte
494 4183 638 4225 casuram
651 4187 657 4226 :
681 4163 783 4227 Peciit
799 4164 884 4227 idem
901 4165 1037 4228 Stewart
1051 4165 1272 4229 instrumenta
