2994 4936
230 397 292 460 200
701 414 907 464 raoroconnt

62 594 123 643 un.
141 580 212 634 1⁵07.
228 569 349 651 guensi,
362 570 402 633 ad
413 578 538 653 partem
552 571 704 635 borialem
719 572 828 636 altaris
841 573 951 637 Sancti
967 572 1110 649 Semoni,
1120 574 1176 636 vbi
1191 573 1384 638 conuenien-

228 680 297 743 cius
313 680 381 744 fieri
395 682 504 765 possit,
514 682 611 766 elegit
626 690 658 746 et
669 683 839 762 ordinauit,
851 691 948 767 atque
959 684 1026 748 illic
1042 685 1170 767 sepeliri
1182 685 1385 762 desiderauit,

228 791 344 856 deinde
373 795 516 877 prefatus
546 800 668 858 testans
698 795 782 872 fecit,
808 795 913 879 elegit,
935 796 1124 873 nominauit,
1151 790 1197 860 et‘
1213 797 1384 880 deputeuit
1431 880 1436 888 ,

228 911 420 981 executores,
443 905 603 982 videlicet,
625 905 792 969 dominum
813 907 1036 971 Alexandrum
1058 908 1250 984 Robertoun‚
1273 915 1306 972 et
1327 907 1383 971 Jo-

227 1015 368 1080 hannem
389 1017 625 1100 Elphinstoun3
648 1038 744 1099 quem
759 1019 782 1081 J
784 1018 943 1082 ohannem
964 1018 1069 1082 solum
1084 1025 1116 1081 et
1131 1019 1263 1082 unicum
1286 1020 1383 1082 bono

227 1148 299 1190 rum
314 1148 445 1191 suorum
460 1136 492 1192 et
505 1129 692 1192 testamenti
708 1129 758 1192 sui
773 1130 1024 1193 intromissorem
1039 1130 1124 1206 fecit,
1139 1137 1172 1193 et
1186 1130 1255 1193 fieri
1270 1130 1383 1206 voluit,

227 1245 260 1301 et
286 1238 454 1315 ordinauit,
481 1239 527 1302 sic
554 1239 639 1320 quod
666 1239 861 1303 intromissio
888 1242 1043 1304 bonorum
1065 1241 1144 1305 dicti
1169 1241 1329 1318 testantis,
1350 1250 1383 1306 et

226 1349 334 1411 omnia
355 1350 581 1413 concemencia
604 1350 776 1413 eorundem
790 1351 947 1414 bonorum
962 1352 1241 1429 intromissionem,
1257 1373 1381 1416 necnon

226 1461 430 1542 emergencio,
445 1461 624 1544 sequencia,
639 1468 672 1525 et
686 1470 880 1544 prouentura
895 1483 935 1526 ex
951 1463 1069 1540 eudem,
1081 1463 1186 1527 solum
1199 1464 1382 1547 pertineant

225 1571 311 1635 dicto
326 1572 349 1634 J
350 1571 477 1649 ohanni,
492 1580 525 1636 et
540 1572 624 1635 nulli
638 1572 743 1651 alteri;
758 1580 900 1656 preterea
916 1575 1084 1638 constituit
1098 1575 1274 1658 superiores
1286 1575 1382 1639 dictis

225 1683 456 1761 executoribus,
487 1685 680 1768 Magistrum
706 1685 882 1749 Robertum
908 1685 1135 1769 Elphinstoun,
1157 1693 1312 1750 rectorem
1341 1687 1381 1751 de

226 1795 499 1873 Kineardinneile,
515 1804 548 1860 et
569 1797 734 1862 Andream
756 1797 974 1880 Elphinstoun
996 1798 1143 1873 militem,
1160 1798 1202 1861 ad
1225 1798 1313 1861 hunc
1335 1799 1381 1863 ef-

225 1907 354 1986 fectum,
376 1909 462 1992 quod
486 1908 565 1972 dicti
595 1910 772 1994 superiores
793 1909 879 1986 dent,
898 1916 931 1973 et
953 1908 1125 1973 exhibeant
1146 1929 1242 1973 suum
1264 1909 1381 1975 melius

224 2021 395 2084 consilium
424 2022 519 2085 dictis
550 2023 781 2097 executoribus,
807 2021 1051 2104 requirentibus,
1077 2029 1110 2084 et
1139 2021 1173 2083 in
1204 2020 1295 2084 nullo
1316 2021 1380 2085 olio

224 2133 457 2216 superioritatis
479 2133 573 2195 modo
596 2153 630 2196 se
652 2134 853 2197 inuesteant:
876 2132 1095 2215 Itemlegauit
1110 2132 1227 2196 fabrice
1247 2132 1379 2198 ecclesie

224 2243 432 2326 Glosguensis
444 2253 489 2306 v⁸:
505 2244 590 2305 Item
604 2244 695 2305 vxori
707 2244 730 2305 J
732 2243 865 2304 ohannis
878 2241 1094 2324 Elphinstoun
1110 2264 1201 2306 suam
1216 2243 1379 2308 meliorem

222 2360 338 2435 togam,
355 2356 439 2418 Item
454 2352 597 2416 «Iohanni
619 2351 836 2434 Elphinstoun
851 2353 1024 2416 secundom
1046 2362 1153 2436 togam
1168 2355 1203 2418 in
1218 2356 1378 2421 bonitate:

222 2463 325 2526 Peciit
354 2464 441 2527 idem
467 2464 512 2525 M.
540 2462 698 2524 Patricius
728 2462 945 2544 Elphinstoun
976 2465 1206 2530 instrumenta:
1238 2467 1322 2530 Acta
1343 2468 1379 2530 in

221 2593 332 2636 manso
362 2572 441 2636 dicti
470 2572 678 2654 prebendarii,
705 2572 739 2633 in
769 2572 901 2635 ciuitate
931 2573 1129 2654 Glasguensi,
1160 2577 1236 2639 hore
1266 2579 1311 2661 xij
1343 2579 1379 2642 in

221 2683 362 2757 meridie,
384 2682 437 2747 vel
466 2681 603 2759 eacirca;
641 2681 786 2755 testibus
809 2681 938 2745 Andrca
969 2682 1078 2756 Quhit,
1106 2685 1243 2765 Hugone
1275 2689 1379 2767 Blane,

220 2794 368 2859 Johunne
384 2790 623 2857 M⁰Alexanden

554 3065 625 3132 250.
650 3065 1040 3131 Sruoxroou—Mnnuxs.

263 3240 327 3306 Die
357 3242 456 3318 Lune‚
483 3251 573 3306 sexto
600 3242 719 3307 mensis
745 3243 768 3305 J
770 3242 828 3305 ulii
854 3241 931 3305 anni
957 3241 1207 3326 quingentesimi
1237 3242 1372 3327 septimi,

219 3352 395 3417 indictione
417 3353 549 3430 decima,
571 3353 776 3437 pontificatus
798 3353 881 3415 Julii
905 3351 1050 3437 2⁶¹·anno
1073 3355 1117 3430 4⁰,
1132 3362 1165 3417 ct
1186 3353 1274 3439 regni
1288 3373 1371 3416 enno

219 3473 296 3528 xx0:
319 3465 469 3529 dominus
496 3466 651 3549 Georgius
683 3465 874 3528 Simontoun
904 3465 1043 3529 vicarius
1074 3465 1113 3529 de
1144 3466 1275 3542 Memis,
1300 3485 1373 3549 egro

218 3595 355 3659 corpore,
386 3597 463 3640 sano
492 3585 608 3653 monto,
640 3576 783 3640 condidit
820 3584 1049 3639 testamentum
1087 3597 1182 3639 suurn
1219 3577 1254 3639 in
1286 3576 1373 3640 hune

217 3687 368 3751 modum:
392 3688 432 3750 In
448 3689 568 3770 primis,
583 3688 724 3750 animam
740 3708 832 3750 suam
855 3688 925 3750 Deo
941 3687 1090 3762 Creatori,
1107 3688 1241 3770 eiusque
1256 3688 1373 3752 intem-

218 3805 306 3864 erate
329 3799 492 3882 genetrici,
515 3805 583 3874 etc,
607 3797 845 3860 commendauit
875 3805 907 3860 ct
936 3798 1075 3880 legauit;
1109 3798 1373 3882 sepulturamque

217 3927 310 3972 auam
332 3910 368 3972 in
391 3909 524 3973 ecclesia
546 3908 747 3991 Glosgucnsi,
764 3907 805 3971 ad
820 3914 945 3990 partem
960 3908 1113 3972 boriolem
1129 3909 1239 3972 altaris
1256 3910 1373 3975 Sancte

138 4085 146 4102 ,
216 4018 356 4103 Brigide‚
371 4021 428 4083 vbi
450 4019 698 4084 conuenientius
721 4019 830 4082 haberi
853 4020 962 4102 possit,
978 4021 1006 4084 si
1028 4020 1292 4085 reuerendissimo
1306 4042 1371 4085 non

215 4130 394 4214 displiceat,
410 4130 438 4193 si
453 4131 561 4193 minus
576 4129 654 4192 alibi
668 4130 703 4192 in
719 4130 804 4193 dicta
819 4130 962 4207 ecclesia,
977 4130 1030 4194 vel
1045 4131 1203 4195 cimiterio
1218 4131 1372 4210 eiusdem,

214 4240 321 4327 elegit,
336 4249 433 4326 atque
455 4242 524 4306 illic
545 4241 674 4325 sepeliri
696 4241 907 4306 desiderauit:
932 4242 1016 4306 Item
1038 4242 1159 4327 legauit
1180 4243 1299 4308 fabrice
1321 4264 1375 4309 ec-

214 4353 311 4420 clesie
328 4354 538 4440 Glasgueusis
552 4375 651 4419 vnam
672 4373 828 4418 mercam:
852 4353 1030 4419 Constituit
1051 4353 1153 4419 eciam
1174 4360 1373 4434 executores,
