2994 4936
220 418 283 481 216
479 464 482 470 1
694 432 900 480 morocoria

56 625 112 665 xo.
133 589 358 661 1507.d01ninis
395 589 674 666 constituentibus,
704 596 889 673 susceptum
925 596 958 653 et
994 596 1193 673 acceptatum
1205 611 1213 667 ;
1250 609 1375 652 necnon

100 703 166 714 ““
219 701 411 784 peticionem
438 701 621 765 collacionis
648 695 805 765 ordinarie
831 701 872 764 de
897 707 930 764 et
960 700 1166 784 superdicta
1190 699 1310 764 vicaria
1335 700 1374 764 dc

221 813 422 896 Kirkpatrik,
448 820 481 877 et
511 813 749 896 responsionem
775 812 853 876 dicti
882 811 1141 877 reuerendissimi
1170 811 1374 876 adeundam

219 924 387 988 dominum
399 925 572 1008 Georgium
584 925 677 989 Blare
690 922 925 1000 concemencia,
936 944 993 1007 per
1003 944 1089 987 arras
1103 922 1375 998 instrumentales,

220 1043 258 1099 ut
281 1036 437 1119 apparuit,
461 1035 614 1100 hincinde
639 1042 790 1118 receptas,
813 1042 969 1118 tanquam
993 1035 1133 1099 notarios
1163 1042 1196 1099 et
1224 1053 1375 1118 personas

220 1147 373 1231 publicas,
402 1146 486 1210 vltro
517 1147 660 1229 citroque
697 1167 765 1210 sese
802 1147 1025 1229 requisierunt,
1055 1167 1093 1211 ao
1128 1146 1210 1211 alter
1238 1145 1375 1210 alterum

220 1258 357 1340 desuper
370 1258 548 1340 requisiuit,
563 1264 596 1321 et
618 1259 664 1321 sio
687 1258 768 1321 alter
782 1256 875 1322 alteri
896 1259 931 1320 in
952 1258 1114 1341 premissis
1137 1278 1243 1321 coram
1264 1257 1376 1322 eodem

121 1349 126 1356 ’
219 1368 482 1432 reuerendissimo
497 1369 639 1432 notarius
654 1369 779 1433 extitit:
803 1369 974 1452 Propterea
988 1369 1089 1433 dictos
1112 1367 1251 1432 notarios
1266 1368 1376 1433 venire

220 1479 435 1562 suspicandos,
451 1487 483 1544 et
505 1500 569 1562 quo
591 1480 632 1543 ad
655 1480 809 1562 premissa
834 1481 1038 1563 potissimum
1060 1488 1223 1564 suspectos
1245 1480 1376 1543 omnino

221 1612 255 1655 se
276 1591 414 1667 reddere,
429 1591 515 1655 idem
530 1591 812 1688 reuerendissimus
834 1600 925 1675 pater
947 1591 1031 1655 dixit
1045 1600 1078 1656 et
1097 1591 1251 1656 asseruit:
1274 1591 1378 1655 Periit

220 1703 305 1766 idem
320 1703 605 1767 reuerendissimus
620 1703 851 1775 instrumenta:
873 1705 957 1767 Acta
971 1709 1127 1785 utsupra,
1142 1710 1175 1767 et
1188 1702 1244 1766 vbi
1259 1723 1362 1786 supra

646 1980 717 2045 270.
742 1977 940 2042 Lauranvrn.

265 2150 328 2214 Dic
352 2151 477 2226 Martis,
492 2160 550 2214 xv⁰
575 2152 693 2215 mensis
718 2150 913 2234 Septembris
935 2150 1012 2213 anni
1036 2149 1286 2234 quingentesimi
1306 2169 1377 2233 sep

221 2261 302 2337 timi,
317 2262 492 2325 indictione
518 2261 649 2339 decima,
671 2263 876 2346 pontificatus
901 2262 924 2326 J
927 2261 985 2325 ulii
1011 2260 1054 2326 2⁶¹
1068 2282 1152 2326 anno
1175 2263 1219 2339 4⁰,
1234 2269 1268 2325 et
1288 2260 1379 2345 regni

221 2393 305 2435 anno
342 2394 406 2435 xx:
443 2373 599 2455 Georgius
636 2373 809 2451 Adamson,
839 2373 1005 2457 burgensis
1035 2372 1076 2436 de
1112 2371 1378 2450 Kirkintullecht,

222 2483 328 2546 tenuit
358 2503 391 2546 se
421 2484 502 2547 bene
532 2491 729 2561 contentum,
754 2490 787 2548 et
815 2484 957 2568 plenarie
985 2484 1020 2547 in
1049 2484 1187 2568 pecunia
1212 2490 1380 2549 numerata

220 2592 428 2675 persolutum,
458 2594 498 2657 de
528 2595 645 2678 viginti
675 2596 788 2660 mercis
817 2597 951 2680 receptis
987 2617 1045 2679 per
1073 2616 1148 2660 eum
1180 2617 1200 2659 a
1228 2595 1379 2661 dohanne

222 2704 403 2788 Lekpravik
419 2704 458 2768 de
475 2704 703 2788 Hagthomhill
716 2727 774 2790 pro
789 2707 950 2789 quoddam
972 2714 1155 2772 tenemento
1175 2727 1249 2770 cum
1271 2707 1380 2784 creste,

222 2814 415 2879 extendente
437 2816 478 2878 ad
500 2836 605 2881 acram
627 2825 717 2894 terre,
729 2818 857 2900 jacente
880 2818 915 2880 in
941 2819 1040 2902 burgo
1061 2818 1101 2882 de
1126 2817 1380 2895 Kirkintulloch,

222 2948 260 2990 ex
277 2933 366 3009 parte
381 2927 494 2992 boriali
517 2928 668 3005 eiusdem,
684 2928 768 2992 inter
781 2936 881 2993 terras
903 2930 1039 2993 Arthnri
1063 2931 1150 3014 Zong
1172 2936 1206 2993 et
1219 2929 1380 2994 dohannis

223 3037 341 3114 Burell,
368 3046 475 3122 empto
501 3061 558 3124 per
579 3040 702 3104 dictum
725 3041 907 3124 Lekprerik
934 3042 974 3105 ab
1000 3041 1112 3106 eodem
1134 3041 1300 3105 Adamson
1320 3061 1380 3124 pm

222 3151 333 3215 eadem
357 3171 499 3230 summa;
530 3151 570 3215 de
594 3173 659 3236 qua
682 3173 808 3216 summa
834 3153 975 3237 quitauit
997 3152 1120 3217 dictum
1144 3151 1324 3235 Lekprevik
1347 3160 1381 3216 et

222 3283 297 3325 suos
326 3261 571 3345 imperpetuum,
601 3264 818 3328 renunciando
848 3264 997 3327 onmibus
1023 3263 1277 3347 excepoionibus,
1302 3271 1380 3327 etc:

222 3373 326 3437 Periit
340 3372 426 3437 idem
437 3374 602 3438 lohannes
615 3375 794 3459 Lekprerik
807 3376 1021 3440 instrumenta
1034 3402 1041 3441 :
1056 3376 1140 3439 Acta
1149 3375 1233 3438 intra
1248 3374 1380 3439 ciuitate

223 3483 424 3566 Glasguensi,
450 3486 527 3549 hora
552 3486 645 3568 quasi
670 3486 784 3570 quinta
809 3494 882 3570 post
907 3486 1057 3566 meridie;
1091 3485 1236 3563 testibus,
1258 3485 1380 3549 Thoma

223 3593 380 3676 lingonis,
392 3595 527 3676 juniore,
544 3596 683 3660 Patricio
699 3598 806 3680 Cory,
821 3598 844 3661 J
845 3596 970 3662 ohanne
985 3597 1074 3680 Crag.

571 3870 642 3935 271.
667 3872 1038 3936 Coronen—Nartem.

268 4036 331 4100 Dia
347 4037 490 4114 Veneris,
513 4038 701 4105 duodecimo
724 4044 926 4122 Nouembris,
941 4066 1026 4109 anno
1041 4043 1298 4130 quingentesimo
1313 4042 1383 4127 vij0,

223 4147 398 4211 indictione
426 4149 469 4231 xj,
484 4151 689 4232 pontificatus
704 4153 788 4217 Julii
815 4154 859 4217 2⁶¹
879 4177 964 4220 anno
990 4158 1112 4240 quinto,
1128 4165 1161 4220 et
1184 4155 1272 4240 regni
1296 4173 1383 4219 anno

225 4267 301 4323 xx⁰z
324 4259 480 4343 Magister
494 4261 516 4324 J
519 4261 635 4325 acobus
658 4263 801 4342 Neilson,
816 4266 997 4350 prelocutor
1019 4267 1149 4333 discreti
1164 4267 1226 4330 viri
1250 4264 1384 4330 Patricii

227 4371 388 4450 Colchum,
402 4372 612 4457 procuratoris
627 4381 661 4439 et
682 4396 719 4441 eo
736 4378 865 4443 nornine
886 4378 1008 4443 domini
1022 4378 1201 4444 Alexandri
1221 4377 1384 4454 Cokburn,
