2994 4936
254 429 316 492 506
728 442 936 491 rnoroooms

86 625 143 664 ao.
163 614 235 664 1518.
252 601 305 665 die
321 600 552 677 decimateroia,
567 600 744 664 indictione
767 603 809 677 2⁸,
824 601 1032 683 pontificatus
1054 602 1169 665 Ieonis
1191 622 1276 685 pope
1299 602 1411 666 decimi
1481 580 1490 591 ’

129 706 195 717 ”“
250 734 335 777 anno
350 713 462 795 primo,
477 719 658 794 presentato
674 720 707 775 et
722 703 841 790 eleoto;
864 721 897 776 et
912 712 973 776 hoo
995 713 1030 775 in
1045 720 1204 795 quantum
1228 714 1412 777 huiusmodi

250 824 400 888 electioni
415 830 447 887 et
462 825 697 906 presentatione
710 831 759 886 est
773 823 1033 906 legitimelacta3
1048 825 1220 907 ipsumque
1232 826 1410 889 Walter-um

251 935 390 999 clericali
406 943 562 998 caractere
577 935 778 1017 insignitum,
793 942 826 998 et
840 934 920 998 alias
944 935 1125 1017 ydoneum;
1147 937 1182 998 in
1197 943 1231 999 et
1246 936 1288 999 ad
1303 936 1411 1000 huius-

250 1046 338 1109 modi
353 1047 494 1109 offioium
517 1067 590 1109 cum
613 1046 763 1108 omnibus
786 1046 853 1108 suis
875 1046 999 1109 iuribus
1022 1054 1055 1110 et
1076 1047 1282 1129 pertinentiis
1294 1072 1302 1126 ;
1325 1049 1411 1111 etin

250 1157 403 1220 clericum
415 1155 645 1238 parrochialem
653 1163 846 1238 perpetuum
858 1155 943 1219 dicte
959 1156 1099 1232 ecclesie,
1112 1176 1169 1220 sue
1179 1158 1412 1239 superioritatis

249 1267 512 1332 iurisdietionalis
528 1268 717 1330 auctoritate
731 1267 863 1330 admisit
880 1274 914 1330 et
935 1267 975 1331 de
998 1268 1109 1331 eadem
1131 1268 1193 1331 sibi
1215 1270 1367 1351 prouidit,
1382 1277 1413 1333 et

250 1380 313 1442 sibi
335 1379 536 1461 consignauit
565 1399 674 1440 curam
700 1378 843 1461 regimen
865 1383 898 1441 et
927 1377 1239 1442 administrationem
1262 1380 1412 1455 eiusdem,

250 1489 376 1553 tamin
398 1488 620 1571 spiritualibus
636 1509 733 1570 quarn
756 1489 791 1551 in
814 1489 1044 1572 temporalibus
1070 1489 1211 1572 plenarie
1233 1492 1414 1570 commisit;

251 1608 285 1664 et
308 1599 464 1663 concessit
488 1619 584 1662 suum
606 1599 769 1682 signatum
793 1600 997 1682 presentibus
1021 1600 1289 1682 appendendum:
1311 1602 1414 1665 Peciit

251 1711 337 1775 idem
353 1711 517 1774 Walterus
533 1710 766 1774 instrumenta:
788 1711 872 1773 Acta
887 1711 973 1773 intra
987 1711 1153 1774 ciuitatem
1169 1711 1413 1795 Glasguensem,

251 1824 329 1887 hora
344 1824 437 1906 quasi
461 1824 494 1886 3²
508 1828 582 1904 post
597 1822 764 1885 meridiem
780 1820 833 1884 vel
856 1822 955 1900 eirea;
979 1822 1116 1885 testibus
1138 1821 1270 1885 domino
1292 1823 1414 1885 Thema

252 1935 479 1998 Hammiltoun
525 1933 648 1996 notario
692 1932 831 2015 publico,
868 1932 1018 1996 dohanne
1061 1932 1180 1996 Nesbit
1217 1941 1251 1998 et
1292 1933 1414 1998 Thoma

252 2046 388 2111 Geddes.

679 2207 749 2269 662.
775 2203 991 2288 [aminoen

295 2381 340 2444 M.
357 2381 462 2443 Adam
479 2381 599 2462 Culqu-
687 2379 846 2442 Dominus
880 2378 1036 2460 Georgius
1123 2378 1302 2443 Nicholaus
1332 2379 1411 2462 Pyle

104 2514 200 2565 ‘rhome
251 2490 340 2553 houn
377 2492 434 2553 W⁰
465 2493 601 2554 Stewart
645 2491 795 2573 Kirkhop
810 2490 967 2573 presbiter
981 2489 1035 2553 ob
1080 2497 1276 2572 protestatus
1355 2498 1411 2566 est

105 2579 230 2645 Kirkhop.
253 2602 416 2683 Stephano
450 2601 600 2683 Dou'gles
645 2602 722 2665 tulit
753 2623 786 2664 se
816 2609 963 2684 paratum
998 2601 1038 2663 ad
1082 2602 1167 2683 quod
1226 2603 1411 2666 huiusmodi

251 2712 448 2776 Archibaldo
487 2713 597 2795 Layng
642 2712 846 2775 subeundum
879 2713 949 2774 iura
978 2732 1035 2794 pro
1079 2712 1231 2796 obligatio
1264 2735 1331 2776 non
1362 2736 1412 2778 ce-

252 2825 385 2888 Matheo
464 2824 601 2887 Stewart
646 2823 786 2898 crimine,
802 2829 1037 2905 etc.,tanquam
1080 2824 1169 2886 deret
1198 2825 1262 2887 sibi
1292 2832 1326 2889 et
1355 2846 1411 2889 sue

251 2936 416 3001 Willelmo
455 2934 598 2999 Stcu'ard
642 2935 760 2996 citatus
776 2933 816 2995 ad
831 2933 931 2995 istum
950 2934 1035 2996 diem
1078 2935 1198 2997 actioni
1218 2936 1253 2997 in
1270 2937 1411 3018 preiudi·

251 3048 371 3111 Jacobo
389 3048 526 3110 Stenart
646 3053 679 3109 et
694 3053 818 3128 partem
833 3065 933 3120 suam,
949 3045 1038 3108 vide·
1083 3046 1169 3109 cium

641 3157 718 3220 licet
741 3155 934 3219 Nioholaum
955 3155 1034 3239 Pyle

642 3289 710 3332 esse
724 3273 913 3350 presentem.

294 3493 479 3557 Alexander
491 3492 627 3555 Stewart
643 3491 681 3554 de
699 3489 899 3574 Castelmylk
912 3496 962 3554 est
977 3490 1160 3555 actitandus
1176 3491 1210 3554 in
1221 3513 1349 3556 summa
1363 3494 1413 3578 iij⁰

250 3626 437 3681 marearum,
460 3605 495 3666 in
518 3624 593 3666 casu
617 3603 703 3685 quod
725 3602 874 3665 dominus
905 3603 1060 3685 Georgius
1083 3582 1233 3686 Kirkhop
1255 3625 1320 3667 non
1339 3626 1411 3688 par·

251 3717 335 3780 uerit
356 3716 428 3790 iuri,
443 3723 597 3796 tanquam
620 3714 773 3777 securitas
789 3735 846 3796 pro
868 3713 998 3792 eode1n3
1025 3722 1057 3777 et
1081 3715 1236 3799 Georgius
1258 3715 1412 3800 Dou'gles

250 3827 290 3890 de
313 3827 406 3888 Bune
421 3826 443 3889 J
446 3825 578 3908 edjorud
601 3832 650 3888 est
672 3825 853 3888 actitandus
868 3833 1024 3908 tanquam
1039 3826 1165 3909 plegius
1179 3848 1237 3910 pro
1252 3828 1411 3892 Niclrolao

251 3939 339 4022 Pyle,
355 3938 415 4001 sub
431 3958 513 4020 pena
528 3938 576 4018 iij⁰
592 3957 770 3999 marcarum
785 3937 825 3999 od
841 3938 1036 4000 seruandum
1052 3939 1219 4001 dominum
1235 3940 1411 4023 Georgium

250 4051 457 4133 indempnem
479 4069 536 4131 por
559 4068 592 4110 se
615 4055 648 4109 et
667 4068 749 4123 suos,
766 4056 798 4110 et
813 4048 870 4110 hos
886 4069 965 4131 quos
982 4049 1089 4132 potuit
1101 4050 1231 4114 comode
1246 4051 1411 4133 impedire,

249 4162 361 4225 fraude
376 4169 408 4225 et
423 4161 496 4224 dolo
512 4159 651 4222 seclusis,

286 4315 300 4340 ·
320 4312 407 4366 These
421 4309 605 4379 memoranda,
618 4309 735 4378 relating
754 4315 783 4362 to
801 4308 849 4362 the
868 4327 926 4363 case
946 4308 976 4363 os
993 4309 1039 4365 Sir
1057 4310 1161 4383 George
1180 4310 1311 4385 Kirkhop
1329 4315 1410 4386 (oute,

251 4416 278 4471 p.
297 4400 370 4469 483),
382 4416 429 4453 are
441 4399 552 4453 written
564 4415 601 4452 on
613 4396 660 4452 tho
672 4396 779 4467 margin
792 4395 822 4450 ol
832 4396 888 4451 this
898 4396 973 4453 lolio.
