2994 4936
237 420 299 482 212
713 434 918 484 raoroconna

74 616 129 655 an.
149 604 221 657 1507.
235 590 323 674 pecie
338 598 429 668 terre,
444 592 537 675 quasi
553 593 586 655 3³
600 600 672 675 post
687 592 861 669 meridiem,
876 592 929 657 vel
951 589 1089 670 eacirea;
1111 590 1257 669 testibus,
1272 590 1392 673 quibus

96 974 151 1028 Fol.
166 975 206 1028 67.

237 723 333 786 supra
349 702 541 768 immediate.

546 981 617 1044 266.
642 980 840 1044 Bmoanans
856 980 1083 1044 sanaremus.

282 1151 379 1215 Anno
409 1152 543 1215 Domini
572 1153 829 1236 quingentesimo
859 1152 1004 1235 septimo,
1028 1152 1081 1216 die
1104 1151 1230 1228 Martis,
1255 1150 1394 1234 septima

239 1246 358 1326 minsis
395 1262 599 1344 Septembris,
624 1264 799 1329 indictione
836 1264 968 1341 decima,
997 1264 1203 1347 pontificatus
1232 1261 1255 1325 J
1258 1261 1318 1325 ulii
1349 1261 1394 1325 2⁶¹

238 1394 322 1437 anno
344 1374 388 1451 4⁰,
403 1380 436 1437 et
450 1374 539 1456 regni
562 1394 645 1437 anno
668 1375 837 1439 vicesimo:
861 1373 1039 1439 Richardus
1061 1373 1191 1458 Myllar‚
1206 1380 1240 1438 et
1255 1372 1396 1438 Oristina

238 1483 343 1568 Doby,
358 1505 423 1548 non
438 1485 473 1548 vi
487 1492 544 1549 aut
558 1494 657 1562 metu,
672 1506 729 1549 seu
744 1487 860 1568 quadis
883 1486 1014 1550 sinistra
1035 1484 1275 1551 machinacione
1297 1484 1395 1562 ducti,

239 1617 340 1662 errore
366 1595 457 1679 lapsi,
480 1617 536 1660 seu
558 1596 632 1661 dolo
654 1596 876 1675 circumuenti,
899 1598 955 1662 sed
978 1618 1019 1662 ex
1041 1597 1108 1662 suis
1131 1597 1225 1661 certis
1248 1596 1396 1674 sciencia,

237 1728 319 1792 pura
340 1714 373 1771 et
394 1706 494 1772 libera
516 1715 550 1772 et
571 1715 747 1791 spontanea
768 1708 944 1787 voluntate,
967 1729 1007 1773 ex
1029 1708 1203 1773 deliberato
1225 1708 1396 1792 proposito,

239 1819 320 1884 bene
336 1819 460 1896 arisati,
475 1827 512 1883 vt
526 1829 736 1899 asseruerunt,
751 1822 897 1884 unanimi
912 1841 1069 1885 consensu
1084 1826 1117 1884 et
1132 1840 1273 1898 assensn,
1287 1821 1323 1884 in
1339 1841 1397 1885 sua

239 1951 356 2014 magna
378 1938 411 1995 et
433 1933 560 2015 urgenti
582 1933 781 2010 necessitate,
795 1930 1021 2008 vendiderunt,
1036 1937 1069 1995 et
1084 1929 1181 1995 titulo
1195 1930 1396 1996 vendicionis

240 2063 308 2107 ase
323 2050 356 2107 et
370 2042 540 2107 heredibus
563 2045 631 2108 suis
652 2065 709 2127 pro
731 2022 886 2127 perpetuo
909 2042 1100 2120 alienarunt,
1124 2042 1285 2126 quoddam
1307 2048 1396 2108 tene·

239 2160 386 2218 mentum
415 2174 519 2231 suum,
545 2175 619 2218 oum
649 2155 739 2219 horto
769 2163 802 2220 et
827 2153 1042 2239 pertinenciis,
1067 2154 1179 2236 jacens
1205 2153 1246 2218 ad
1271 2162 1396 2237 partem

239 2264 392 2327 borialem
419 2265 484 2329 vici
508 2265 642 2348 Drigate
668 2267 811 2331 ciuitatis
838 2265 1054 2349 Glasguensis,
1080 2272 1269 2349 protensum
1293 2285 1397 2349 vsqne

241 2375 464 2451 Malindinore,
481 2376 565 2439 inter
580 2384 764 2440 tenemento
786 2377 907 2440 Thome
930 2375 1055 2459 Hering
1077 2376 1117 2439 ab
1140 2375 1340 2452 occidentali,
1363 2384 1397 2440 et

242 2485 373 2548 Patricii
404 2485 525 2570 Myllar
546 2488 587 2550 ab
610 2488 757 2551 orientali
780 2489 932 2571 partibus,
955 2487 1112 2570 Magistro
1135 2486 1279 2551 Rolando
1303 2486 1397 2552 Blac-

241 2597 324 2671 ader,
340 2597 520 2660 subdecano
536 2578 737 2681 Glasguensi,
753 2607 786 2663 et
808 2600 876 2662 suis
891 2599 1069 2682 assignatis,
1084 2618 1142 2681 pro
1156 2598 1267 2663 decem
1281 2600 1396 2663 mercis

240 2707 363 2770 usualis
378 2716 512 2785 monete,
529 2709 590 2772 sibi
607 2731 663 2792 per
677 2710 799 2773 dietum
816 2711 999 2774 Rolandum
1020 2710 1056 2773 in
1077 2709 1213 2793 pecunia
1226 2716 1394 2771 numerata

241 2825 401 2902 gratanter
416 2827 449 2883 et
464 2820 585 2903 integre
600 2820 788 2903 persolutis;
811 2823 850 2885 de
873 2821 1123 2906 quibusqnidem
1145 2819 1255 2883 decem
1276 2819 1392 2882 mercis

241 2932 424 3014 quittarunt
439 2932 562 2996 dictum
574 2932 756 2996 Rolandum
771 2941 804 2997 et
816 2955 890 2997 suos
905 2935 1157 3017 imperpetuum:
1171 2929 1287 3013 Vigore
1298 2929 1393 2992 ouius

242 3044 447 3109 alienacionis
462 3045 549 3109 idem
563 3045 741 3110 Richardus
753 3053 785 3110 et
797 3045 937 3109 Cristina
952 3042 1154 3120 unanimiter,
1164 3061 1221 3126 per
1231 3047 1348 3105 temam
1360 3051 1394 3105 et

242 3154 375 3240 lapidee,
401 3157 654 3241 resignauerunt,
677 3164 709 3221 et
732 3178 858 3221 sursum
881 3157 1048 3233 dederunt,
1069 3175 1089 3220 a
1111 3174 1145 3220 se
1168 3161 1201 3219 et
1221 3152 1394 3218 heredibus

241 3268 317 3345 suis,
347 3289 403 3351 pro
432 3276 595 3352 perpetuo,
625 3269 732 3352 ipsum
762 3275 984 3333 tenementum
1013 3288 1089 3331 cum
1117 3264 1334 3350 pertinenciis,
1359 3264 1395 3329 in

240 3380 389 3444 manibus
412 3380 531 3444 Thome
557 3382 757 3445 Hachonson
780 3380 895 3444 balliui
921 3379 1138 3463 Glasguensis‚
1160 3378 1247 3462 ipsas
1268 3397 1395 3441 sursum

240 3490 406 3555 daoionem
436 3499 468 3555 et
497 3492 748 3575 resignacionem
777 3491 991 3574 acceptantis:
1026 3490 1224 3574 Quiquidem
1253 3488 1395 3553 balliuus

240 3601 346 3682 vigore
369 3602 420 3665 sui
442 3602 546 3678 officii,
562 3610 595 3667 et
617 3625 657 3667 ex
680 3604 830 3667 mandato
853 3603 1012 3666 dictorum
1028 3601 1181 3665 Richardi
1195 3607 1230 3665 et
1245 3600 1395 3677 Oristine,

239 3709 329 3773 dedit
340 3711 500 3787 saisinam,
515 3721 636 3776 statum
651 3714 887 3791 hereditarium,
903 3720 935 3778 et
951 3712 1146 3797 corporalem
1160 3712 1394 3796 possessionem

238 3819 317 3883 dicti
334 3822 510 3884 tenementi
526 3844 599 3885 cum
614 3822 705 3887 horto
727 3831 760 3888 et
782 3825 996 3908 pertinenciis,
1012 3830 1108 3907 prout
1125 3824 1213 3906 jacet
1235 3823 1270 3885 in
1291 3822 1394 3907 longi-

238 3930 351 3994 tudine
375 3938 408 3994 et
432 3931 613 4009 latitudine,
628 3953 685 4016 per
710 3940 827 3999 terram
848 3943 881 4000 et
903 3936 1035 4019 lapides,
1051 3941 1120 4011 eta,
1135 3934 1222 3998 dieto
1237 3934 1394 4017 Magistro

238 4041 398 4117 Blaeader,
414 4049 446 4105 et
468 4043 535 4106 suis
557 4043 736 4126 assignatis,
751 4047 880 4110 nomine
903 4047 1044 4124 ecclesie,
1059 4055 1092 4112 et
1108 4066 1173 4109 non
1188 4044 1276 4121 alias,
1291 4043 1394 4122 aliter,

236 4173 341 4235 neque
356 4152 567 4234 aliquomodo
578 4153 668 4218 saluo
680 4155 753 4236 jure
769 4157 949 4234 cuiuslibet,
965 4160 1214 4241 imperpetuum:
1229 4155 1394 4220 Soluendo

113 4255 117 4261 ’
236 4263 311 4328 inde
341 4283 464 4327 annuos
493 4264 638 4328 redditus
667 4264 792 4330 debitos
822 4275 855 4331 et
884 4268 967 4332 solui
1003 4269 1114 4333 solitos
1143 4275 1177 4333 et
1206 4274 1395 4335 consuetos:

236 4375 374 4461 Insuper
401 4373 545 4460 predicta
574 4374 723 4454 Cristina,
751 4377 788 4441 in
817 4377 965 4444 absencia
994 4378 1111 4457 mariti,
1136 4399 1244 4445 eoram
1269 4377 1393 4444 belliue
