2994 4936
215 430 257 493 52
691 445 899 494 ruorooonm

52 624 110 662 no.
128 611 200 662 1504.
216 601 409 685 corporalem
430 603 671 687 possessionem,
686 603 726 668 de
747 603 889 687 predicto
912 603 1003 667 horto
1025 606 1096 671 sine
1119 603 1219 668 cauda
1234 609 1267 668 et
1280 602 1373 686 pecie

96 704 162 715 ““
216 720 297 778 terre
312 734 387 778 oum
401 716 618 799 pertinenciis,
635 723 731 800 prout
752 715 835 780 iacet
857 716 892 778 in
913 715 1115 800 longitudine
1137 722 1170 779 et
1191 715 1374 790 latitudine,

216 825 410 891 extendente
424 847 481 910 per
495 835 597 891 metas
612 828 761 910 antiquas
776 835 809 891 et
823 826 953 903 diuisas,
967 834 1005 891 vt
1019 828 1230 911 prescriptum
1245 832 1303 902 est,
1317 846 1375 910 per

216 944 299 1002 terre
321 946 354 1002 et
375 938 492 1022 lapidis
510 939 727 1015 tradicionem,
742 944 780 1002 ut
801 939 897 1002 moris
913 945 971 1015 est,
985 939 1181 1003 Archibaldo
1196 938 1374 1014 Wilsoune,

216 1048 366 1133 burgensi
391 1049 590 1132 Glasguensi,
614 1055 647 1113 et
672 1050 802 1114 Bessete
829 1050 951 1113 Boman
977 1071 1035 1114 sue
1060 1071 1183 1133 sponse,
1206 1056 1239 1115 et
1264 1070 1375 1114 eorum

217 1160 310 1224 alteri
331 1161 456 1224 diucius
480 1160 615 1235 viuenti,
638 1161 674 1222 in
700 1161 872 1224 coniuncta
893 1161 1121 1239 infeodacione,
1144 1167 1177 1226 et
1203 1161 1374 1226 heredibus

216 1271 301 1333 inter
316 1271 401 1352 ipsos
423 1269 563 1353 legitime
585 1271 765 1353 procreatis,
780 1293 838 1335 seu
859 1273 1070 1355 procreandis,
1085 1273 1218 1336 tradidit
1239 1280 1273 1337 et
1294 1271 1375 1336 deli-

217 1381 350 1458 berauit,
366 1380 455 1444 saluo
474 1382 546 1464 jure
562 1381 752 1446 cuiuslibet:
774 1383 876 1465 Super
890 1384 1009 1466 quibus
1024 1385 1123 1468 peciit
1138 1385 1244 1448 dictus
1258 1382 1374 1448 Archi-

218 1491 342 1568 baldus,
356 1512 413 1575 pro
428 1513 462 1556 se
485 1498 518 1557 et
539 1493 669 1557 nomine
684 1514 742 1557 sue
764 1514 887 1576 sponse,
902 1495 1154 1560 instrumentum
1176 1503 1234 1560 aut
1254 1496 1374 1560 instru-

218 1611 335 1679 menta,
357 1624 459 1666 vnum
485 1610 542 1667 aut
565 1603 666 1687 plura,
689 1626 708 1668 a
730 1626 782 1670 me
808 1607 949 1670 notario:
971 1607 1056 1671 Acta
1079 1614 1170 1672 erant
1195 1608 1254 1672 hec
1280 1627 1376 1691 super

218 1714 324 1777 solum
352 1714 511 1778 dictarum
539 1722 703 1792 terrarum,
731 1716 809 1780 hora
838 1719 882 1801 xij
916 1719 950 1781 in
979 1719 1120 1795 meridie,
1150 1719 1203 1784 vel
1237 1718 1376 1798 eacirco;

218 1826 420 1908 presentibus
442 1827 571 1904 ibidem,
587 1828 736 1893 Johanne
759 1829 836 1906 Lok,
856 1830 1023 1896 Willelmo
1044 1831 1149 1915 Ahoy,
1171 1837 1205 1896 et
1226 1830 1375 1896 iohanne

219 1938 354 2016 Wricht,
369 1939 506 2004 testibus
521 1940 563 2004 ad
577 1940 732 2024 premissa
746 1942 877 2008 vocatis.

670 2212 718 2274 69.
744 2211 923 2273 Onrruann.

262 2382 384 2446 Eodem
413 2381 474 2457 die,
503 2401 595 2457 anno,
621 2380 805 2457 indictione,
833 2381 1031 2464 pontificatu,
1057 2388 1090 2446 et
1118 2400 1237 2456 mense,
1266 2400 1374 2444 coram

219 2493 364 2569 testibus,
391 2499 424 2556 et
452 2492 488 2554 in
513 2491 624 2556 eadem
649 2491 735 2568 hora,
761 2499 794 2555 et
816 2493 927 2557 eodem
948 2493 1026 2570 loco,
1049 2493 1167 2577 quibus
1189 2492 1375 2558 immediate

219 2624 323 2687 supra,
353 2602 567 2667 Archibaldus
592 2602 770 2681 Wilsoune,
795 2625 861 2668 non
887 2605 921 2668 vi
951 2612 1008 2670 aut
1036 2612 1125 2670 metu
1156 2605 1281 2682 ductus
1307 2613 1375 2682 etc,

220 2715 376 2800 obligauit
401 2736 434 2779 se
461 2714 535 2779 dare
560 2715 774 2780 reuersionem
801 2717 836 2779 in
862 2717 1005 2782 vberiore
1032 2725 1065 2783 et
1091 2717 1248 2782 strictiore
1274 2717 1376 2781 forma

220 2828 339 2892 vsitatu
353 2828 388 2891 in
402 2848 499 2912 regno
522 2827 640 2905 Scooie,
655 2828 741 2892 dicto
764 2828 906 2894 Martino
930 2829 1092 2913 Oliphant,
1115 2831 1182 2894 suis
1204 2830 1376 2894 heredibus

221 2947 255 3005 et
269 2940 447 3025 assignatis,
459 2940 499 3004 de
514 2940 666 3023 predictis
681 2940 772 3004 horto
788 2948 821 3005 et
836 2941 938 3005 cauda
950 2948 983 3005 et
993 2942 1084 3025 pecie
1094 2948 1185 3018 terre,
1193 2941 1376 3024 jacentibus

220 3061 259 3118 ut
272 3054 455 3138 predicitur,
466 3052 626 3130 videlicet,
637 3053 697 3116 sub
708 3052 768 3117 hac
783 3053 892 3130 forma,
903 3053 989 3136 quod
1000 3054 1256 3137 quandocunque
1270 3052 1377 3116 dicttrs

223 3168 384 3233 Martinus
400 3167 451 3230 sui
465 3165 597 3230 heredes
612 3172 669 3228 aut
684 3165 837 3250 assignati
852 3165 1064 3231 deliberarent
1078 3165 1164 3229 dicto
1173 3164 1377 3242 Archibaldo,

222 3279 393 3345 heredibus
418 3279 485 3343 suis
509 3285 542 3342 et
564 3277 741 3362 assignatis,
763 3298 923 3341 summam
944 3277 1060 3360 viginti
1082 3285 1115 3341 et
1137 3277 1273 3340 duarum
1294 3296 1376 3340 mer-

222 3412 332 3455 carum
354 3392 475 3457 usualis
500 3398 636 3468 monete,
658 3396 726 3466 etc,
748 3410 844 3473 super
866 3389 1104 3472 premunicione
1130 3388 1165 3452 xl
1187 3389 1320 3466 dierum,
1342 3389 1377 3451 in

221 3521 286 3564 vno
316 3503 368 3565 die
398 3503 482 3566 inter
511 3524 658 3568 occasum
684 3511 717 3566 et
742 3511 848 3566 ortum
878 3502 953 3567 solis
977 3502 1128 3578 eiusdem,
1152 3521 1248 3585 super
1272 3501 1377 3564 solum

222 3609 381 3673 dictarum
411 3619 576 3688 terrarum,
606 3621 685 3676 tuno
714 3613 801 3677 idern
830 3615 1046 3679 Archibaldus
1077 3615 1128 3678 sui
1157 3613 1290 3679 heredes
1319 3620 1377 3677 aut

221 3719 383 3802 assignati,
409 3739 536 3781 sursum
566 3721 680 3785 darent
709 3729 743 3785 et
768 3726 966 3807 resignarent
995 3726 1114 3789 dictam
1144 3727 1269 3809 peciam
1297 3732 1378 3790 terre

222 3850 297 3894 cum
310 3827 525 3912 pertinenciis,
540 3835 607 3904 etc,
622 3830 658 3891 in
672 3831 822 3895 manibus
840 3834 918 3897 dicti
934 3835 1069 3898 Martini
1084 3845 1141 3898 aut
1156 3858 1287 3901 suorum
1308 3857 1379 3921 pre-

221 3940 420 4003 munitorum
435 3959 491 4021 pro
514 3945 665 4019 tempore,
680 3938 790 4003 fraude
813 3947 847 4003 et
868 3942 942 4005 dolo
963 3944 1113 4008 semotis:
1136 3944 1240 4025 Super
1261 3949 1380 4027 quibus

222 4053 320 4138 peciit
334 4052 440 4115 dictus
463 4049 633 4126 Martinus,
648 4049 900 4114 instnunentum
914 4061 972 4117 aut
988 4053 1220 4116 instrumenta:
1241 4055 1327 4117 Acta
1342 4069 1381 4123 ut

224 4185 319 4248 supra
334 4171 367 4228 et
380 4162 436 4225 vbi
452 4182 554 4245 supra
