2994 4936
222 421 286 486 206
697 433 904 484 rsorocorm

55 621 114 660 an.
130 609 205 665 reor.
220 593 387 659 Willelmo
416 592 541 679 Smyth
567 593 688 658 Robert
708 594 844 670 Durant,
868 599 901 658 et
922 592 1070 657 Dionisio
1091 592 1264 672 Achinlelr,
1289 611 1377 678 pres·

76 885 132 940 rot
147 889 187 941 ec.

219 705 339 772 biteris.

550 867 623 931 258.
647 866 828 930 (lcumena
852 864 1044 930 Orrrernurs

263 1039 328 1105 Die
353 1040 452 1117 Luna,
469 1042 504 1104 2·
524 1039 673 1124 Augusti,
688 1059 781 1116 anno,
796 1039 980 1115 indictione,
1003 1037 1201 1122 pontificatu,
1216 1043 1249 1103 et
1270 1058 1375 1122 regno,

219 1152 337 1234 quibus
373 1151 558 1216 immediate
595 1171 708 1233 supra:
754 1151 917 1214 Ninianus
958 1149 1131 1214 Merschell
1167 1150 1208 1214 de
1245 1149 1375 1214 Clotho-

220 1262 301 1338 drik,
323 1269 507 1345 procurator
530 1269 563 1326 et
589 1282 626 1325 eo
652 1261 783 1325 nomine
810 1261 959 1325 Hectoris
986 1261 1122 1325 Stewart
1144 1260 1184 1324 de
1206 1261 1310 1337 Baiae,
1333 1261 1373 1326 de

219 1373 311 1436 euius
332 1373 566 1455 pmeuracionis
596 1373 747 1436 mandato
781 1392 838 1454 per
858 1372 968 1435 literas
991 1372 1094 1454 papiri
1116 1378 1273 1454 patentes,
1295 1370 1375 1436 dieti

220 1482 370 1548 Hectoris
415 1483 521 1568 sigillo
558 1490 591 1548 et
631 1483 864 1565 subscriptione
902 1483 1046 1546 manuali
1090 1484 1239 1562 firmatos,
1277 1483 1375 1574 fidem

218 1595 357 1660 ferentes
380 1594 583 1679 legittimam,
608 1595 793 1678 resignauit,
819 1615 898 1678 pure
924 1602 957 1658 et
986 1593 1184 1678 simpliciter,
1209 1600 1309 1659 terras
1335 1595 1375 1660 de

219 1705 423 1785 Schawtoun,
449 1707 659 1772 extendentes
679 1707 730 1770 >ad
756 1707 867 1771 decern
893 1713 1048 1770 marcatas
1070 1713 1226 1771 terrarum
1248 1707 1375 1790 antiqui

219 1825 379 1897 extentus,
404 1819 459 1884 vel
487 1819 616 1897 eacirea,
639 1820 783 1904 jacentes
812 1819 846 1882 in
872 1819 1012 1882 dominio
1038 1819 1078 1883 de
1104 1817 1265 1895 Glasfnrd,
1291 1819 1377 1883 intra

218 1930 479 1997 vicecomitatum
494 1933 534 1997 de
557 1932 692 2009 lanark,
708 1952 783 1996 cum
796 1930 1011 2015 pertinenciis,
1026 1951 1083 2014 per
1097 1930 1215 1994 fustem
1231 1937 1264 1994 et
1278 1930 1375 1994 becu-

120 2089 124 2098 .
218 2039 298 2120 lum,
322 2049 355 2109 et
387 2044 496 2109 literas
523 2045 667 2109 mandati
696 2050 844 2127 patentes
868 2043 947 2107 dicti
977 2042 1135 2119 Hectoris,
1160 2041 1196 2104 in
1226 2042 1375 2106 manibus

219 2153 380 2219 «Iohannis
399 2156 521 2220 domini
544 2156 694 2239 Symple3
715 2154 893 2230 inuestiuit,
916 2160 949 2218 et
971 2153 1156 2230 infeodauit,
1178 2153 1376 2231 hereditarie,

219 2264 256 2328 in
281 2273 483 2349 perpetuum,
508 2267 702 2349 Magistrum
730 2266 840 2329 Dauid
867 2264 1052 2348 Conigham,
1079 2285 1152 2329 suos
1178 2266 1318 2342 heredes,
1344 2272 1377 2330 et

220 2377 405 2459 assignatos,
425 2377 461 2439 in
482 2397 651 2459 personam
666 2376 796 2440 disereti
818 2377 879 2439 viri
895 2376 1015 2440 Thome
1039 2376 1149 2461 Inglis,
1165 2378 1376 2460 procuratoris

219 2492 253 2550 et
267 2486 425 2549 attornati
439 2493 473 2550 et
493 2506 532 2550 eo
547 2487 676 2550 nomine
691 2486 770 2550 dicti
793 2487 942 2570 Magistri
964 2488 1082 2565 Dauid,
1098 2488 1137 2552 de
1160 2489 1252 2555 cuius
1274 2489 1376 2553 eciam

219 2596 448 2660 actornationis
484 2596 636 2660 mandato
673 2596 772 2659 miehi
812 2597 907 2678 plene
944 2600 1129 2677 constabat3
1165 2620 1222 2680 per
1257 2600 1377 2665 realem

219 2705 486 2771 deliberacionem
522 2714 607 2770 carte
651 2705 883 2769 infeudecionis
928 2708 1104 2770 eorundum
1142 2715 1305 2785 terrarum,
1344 2720 1378 2776 et

219 2819 361 2901 precepti
384 2817 501 2882 saisina
524 2815 628 2880 eidem
654 2815 833 2890 conformis,
848 2814 953 2897 sigillo
979 2823 1013 2879 et
1037 2815 1268 2896 subscriptione
1295 2818 1376 2882 dieti

220 2929 345 2993 domini
366 2927 497 3012 Symple
519 2926 670 3002 roborate,
686 2926 720 2988 in
743 2925 871 3009 signum
893 2925 987 2989 realis
1012 2925 1217 3008 possessionis
1240 2926 1376 2992 inuesti-

220 3047 293 3106 ture
317 3046 350 3105 et
373 3020 600 3103 infeodaeionis
626 3038 661 3101 in
685 3038 806 3102 eisdem
829 3037 930 3114 terrie,
945 3037 1007 3101 sibi
1033 3037 1078 3102 M.
1098 3037 1229 3114 Dauidi,
1244 3039 1377 3123 suisque

220 3151 399 3228 heredibus,
414 3150 549 3233 desuper
571 3150 743 3215 factarum:
767 3150 870 3214 Peciit
891 3149 977 3214 idern
999 3150 1135 3214 Thomas
1158 3150 1261 3234 lnglis
1276 3161 1378 3217 aetor-

221 3263 291 3328 neti
306 3269 339 3328 et
353 3262 567 3346 procuratorio
583 3263 713 3327 nomine
734 3283 797 3344 quo
820 3282 916 3344 supra
930 3262 1161 3325 instrumenta:
1183 3263 1267 3326 Acta
1289 3264 1324 3326 iri
1346 3264 1377 3329 le

220 3375 303 3460 park
337 3375 377 3439 de
408 3375 635 3452 Lochwinn0k‚
661 3375 739 3438 hora
770 3374 863 3457 quasi
893 3374 939 3457 xij
970 3374 1004 3436 in
1040 3373 1173 3437 meridie
1185 3398 1193 3453 3
1229 3375 1376 3453 testibus,

220 3485 371 3552 dohanne
409 3487 542 3572 Symple
572 3488 612 3552 de
649 3486 831 3564 Lonebank,
861 3485 1047 3549 Alexandro
1077 3485 1260 3570 Striueling
1290 3487 1376 3551 Luca

221 3595 406 3676 Striueline,
416 3599 548 3665 Andrea
563 3599 754 3682 PiedegreW,
769 3604 802 3662 et
816 3597 953 3661 Roberto
969 3597 1060 3680 Lufy.

550 3871 622 3934 259.
646 3870 827 3934 Gourorruu
851 3872 1046 3935 Orarersrrs.

262 4041 327 4108 Die
343 4043 468 4121 Martis,
479 4041 577 4108 tercio
589 4043 729 4125 Augusti
744 4042 888 4107 eiusdem
903 4045 988 4122 anni,
1001 4045 1078 4108 hora
1095 4044 1128 4128 xj
1146 4051 1221 4109 ante
1236 4045 1378 4124 meridie,

218 4151 274 4220 vel
287 4155 427 4220 eaeirca:
448 4154 593 4219 Andreas
617 4153 798 4238 Piedegrew
812 4155 954 4220 bellinus
976 4156 1012 4219 in
1034 4155 1094 4220 hae
1112 4163 1203 4239 perte
1218 4156 1379 4222 Johannis

219 4263 344 4332 domini
367 4265 508 4351 Symple,
522 4286 580 4349 per
604 4265 713 4330 literas
735 4273 883 4349 patentes
905 4268 1090 4351 pergameni
1111 4267 1171 4331 sub
1194 4288 1252 4332 suo
1272 4267 1379 4354 sigillo

219 4375 381 4465 pendente
406 4377 449 4444 ed
471 4377 674 4461 infrascripta
696 4377 877 4460 specialiter
902 4377 1084 4462 deputatus,
1107 4378 1194 4461 apud
1215 4384 1316 4445 terras
1337 4378 1379 4444 de
