2994 4936
252 417 313 481 150
727 431 933 482 sacroconna

87 616 144 654 aa.
163 606 235 656 ltus.
250 590 330 671 quin
344 597 418 673 post
431 589 555 653 obitum
571 589 656 654 dicte
670 589 694 654 J
694 595 796 667 onete,
807 589 915 655 valeat
929 589 1045 655 habere
1059 609 1237 674 regressum
1252 595 1287 655 et
1301 609 1407 655 recur-

131 696 197 707 —
250 720 323 763 sum
337 701 377 764 ad
400 701 519 765 dictam
534 701 666 765 terciam
680 708 813 784 partem,
834 707 868 765 et
890 701 1052 766 arrendari
1072 700 1108 765 in
1123 701 1235 766 eadem
1250 707 1406 786 tanquam

249 811 285 874 in
300 811 387 875 eain
402 833 466 895 qua
481 813 643 895 quondam
658 812 764 876 dictus
776 831 853 874 suus
868 817 960 894 pater
974 812 1054 875 obiit
1064 811 1199 876 vltimus
1210 813 1408 889 emendatus,

246 922 343 1004 juxte
357 923 488 986 modum
499 931 532 987 et
547 924 785 987 obseruaneiem
797 922 1038 986 consuetudinis
1050 923 1180 987 amende
1192 923 1263 988 siue
1274 924 1408 988 rentalis

251 1035 360 1098 Sancti
376 1034 576 1117 Kentigemi,
592 1034 741 1099 similiter
763 1033 849 1117 quod
871 1054 912 1098 ne
931 1034 1058 1098 cederet
1072 1034 1158 1099 dioto
1171 1033 1195 1099 J
1196 1034 1318 1099 ohanni
1332 1035 1408 1100 Soot

250 1144 285 1206 in
307 1145 518 1227 preiudicium
539 1144 626 1226 quod
646 1144 752 1208 solum
773 1144 837 1207 fuit
858 1144 1045 1209 arrendatus
1067 1145 1103 1208 in
1122 1144 1247 1210 duabus
1262 1147 1406 1229 partibus

250 1254 375 1318 culture
390 1255 425 1316 in
440 1274 504 1337 qua
525 1254 723 1338 integraliter
737 1255 899 1337 quondam
913 1260 1005 1338 pater
1025 1274 1103 1318 suns
1125 1254 1189 1318 fuit
1202 1256 1410 1321 emendatus:

252 1365 355 1429 Pcciit
379 1365 465 1428 idem
492 1365 606 1429 Frisell
632 1366 762 1429 nomine
785 1365 865 1430 dicti
890 1365 1051 1431 Johannis
1075 1365 1151 1430 Scot
1173 1366 1407 1432 instrumenta:

250 1477 334 1539 Acta
349 1476 383 1537 in
398 1475 531 1539 eeclesia
553 1475 744 1559 Glasgucnsi
763 1476 839 1540 hora
856 1478 948 1560 quasi
962 1477 1006 1553 ix,
1021 1483 1095 1541 ante
1110 1476 1294 1556 meridiem
1315 1478 1406 1542 testi-

251 1588 319 1664 bus,
333 1588 356 1650 J
357 1587 481 1651 ohanne
496 1587 668 1664 Alansoue,
683 1586 833 1652 Johenne
850 1588 927 1665 Con,
941 1589 1063 1652 Thema
1078 1588 1131 1668 Or,
1146 1588 1282 1652 Gawino
1297 1588 1407 1666 Kelso,

251 1700 274 1762 J
276 1699 372 1763 accho
388 1700 484 1777 liade,
500 1706 532 1763 et
547 1700 569 1765 J
571 1699 696 1763 ohanne
711 1698 883 1776 Alemone,
895 1700 1029 1782 juniore.

722 1975 792 2038 196.
816 1974 934 2038 Casan.

297 2148 391 2211 Anno
409 2149 666 2231 quingentesimo
681 2147 747 2230 vjl‘,
762 2146 814 2211 die
837 2146 1008 2210 Dominica
1029 2145 1096 2230 xxij
1121 2146 1242 2211 mensis
1264 2146 1406 2213 Nouem·

250 2258 324 2334 bris,
347 2258 521 2323 indictione
547 2259 679 2334 decima,
702 2259 908 2341 pontificatus
933 2259 955 2322 J
959 2257 1019 2321 ulii
1045 2257 1089 2321 2¹¹¹
1115 2279 1199 2322 anno
1225 2267 1349 2341 quarto,
1373 2267 1407 2324 et

251 2369 339 2450 regni
361 2389 445 2431 anno
467 2369 555 2431 xix0:
585 2369 745 2432 Dominus
768 2369 926 2433 Robertus
949 2368 1052 2446 Clark,
1075 2368 1206 2434 clericus
1232 2379 1406 2455 perpetuus

252 2478 456 2560 parrochialis
479 2478 519 2541 de
542 2479 767 2542 Hammiltoun
790 2488 823 2543 et
845 2480 980 2555 Baleari,
996 2501 1033 2545 ac
1055 2481 1186 2545 sacrista
1207 2489 1241 2545 at
1261 2481 1407 2547 thesaur·

142 2578 144 2582 ⁴
251 2590 337 2652 arius
359 2590 573 2672 prehendatus
596 2591 630 2652 in
652 2591 786 2654 ecclesia
808 2591 997 2674 parrochiali
1019 2593 1059 2656 de
1082 2592 1319 2671 Hammiltoun,
1333 2614 1407 2659 con·

252 2700 360 2763 stituit
395 2707 611 2782 procuratores
648 2701 683 2763 in
720 2701 856 2765 vheriori
886 2703 994 2779 forma,
1024 2703 1182 2780 videlicet,
1212 2704 1407 2789 Magistrum

252 2811 473 2875 Alexandrum
511 2812 736 2876 Hammiltoun
773 2813 962 2877 canonicum
993 2814 1232 2898 Glasguensam
1261 2814 1408 2882 dominos

251 2924 434 2987 «Iohannem
461 2922 651 2999 Heuschaw,
677 2922 881 2987 Willehnum
908 2925 1032 3008 Smyth‚
1057 2925 1261 2990 Willclmum
1289 2926 1408 3004 Broun,

252 3038 275 3100 J
277 3037 436 3100 ohannem
458 3036 606 3110 Dawson,
621 3033 808 3118 capellanos,
825 3035 1007 3101 iohannem
1031 3037 1266 3113 Hammiltoun,
1280 3037 1408 3104 willel·

253 3169 342 3212 mum
368 3147 503 3211 Foulare
529 3152 562 3210 et
587 3145 771 3211 Johannem
796 3145 946 3225 Fowlare,
972 3147 1078 3224 laicos,
1099 3148 1135 3211 in
1159 3147 1307 3226 solidum,
1332 3169 1406 3214 oon·

252 3260 389 3324 iunctim
405 3266 438 3323 et
451 3258 591 3334 diuisim,
607 3257 648 3321 ad
669 3257 897 3341 resignandum
919 3264 953 3322 et
973 3259 1229 3323 renunciandum
1250 3265 1284 3324 et
1296 3258 1404 3323 dimit-

253 3373 387 3435 tendum
402 3371 524 3435 dictum
547 3369 689 3435 officium
710 3368 888 3445 clericatus,
903 3375 937 3433 et
950 3369 1163 3434 sacristariam
1186 3371 1257 3436 siue
1276 3369 1404 3435 thesau-

252 3483 367 3545 ran‘am
381 3482 589 3565 prehendales
612 3481 696 3546 dicte
719 3480 851 3546 ecclesie
872 3480 1039 3565 collegiatc
1061 3480 1099 3545 de
1122 3481 1358 3559 Hammiltoun,
1371 3481 1406 3546 in

254 3592 402 3654 manibus
432 3593 477 3656 M.
504 3592 643 3655 Dauidis
674 3592 851 3677 Conigham
880 3592 1035 3676 prepositi
1064 3591 1149 3657 dicte
1179 3592 1322 3671 ecelesia,
1350 3613 1408 3659 seu

253 3700 472 3782 cuiuscunque
488 3700 620 3766 alterius
635 3702 821 3768 huiusmodi
835 3704 1085 3787 resigmacionem
1107 3704 1245 3787 recipere
1267 3711 1408 3788 potesta·

253 3816 319 3872 tom
345 3810 501 3886 habentis,
524 3819 557 3874 et
584 3811 624 3875 ad
650 3812 826 3894 jurandum
853 3815 888 3877 in
913 3815 1054 3878 animam
1078 3814 1180 3897 ipsius
1206 3815 1408 3893 conscientia,

253 3922 338 4003 quod
365 3923 399 3984 in
425 3921 610 3985 huiusmodi
638 3922 853 4004 resignacione
877 3947 941 3990 non
964 3927 1159 3991 interueniet
1180 3946 1287 4010 neque
1308 3927 1408 3993 inter·

253 4032 386 4096 uenient
400 4033 495 4108 imus,
510 4031 611 4109 dolus,
626 4032 770 4110 simonie,
784 4033 872 4100 lohes
892 4043 950 4100 aut
971 4039 1087 4119 quouis
1109 4037 1224 4101 illicita
1245 4038 1353 4121 pactio
1374 4047 1409 4105 et

253 4144 447 4226 corruptela:
471 4144 608 4226 Insuper
622 4143 769 4227 promisit
783 4152 888 4209 ratum
911 4154 944 4211 et
964 4156 1109 4232 gratum:
1132 4148 1235 4214 Peciit
1255 4149 1409 4215 dominus

253 4254 389 4319 Thomas
402 4255 497 4320 Clark
513 4254 697 4338 capellanus
713 4254 944 4322 instrumenta:
966 4258 1094 4323 Actain
1104 4259 1228 4344 capella
1237 4259 1409 4347 hospitalis

252 4366 362 4431 Sancti
384 4365 541 4442 Nicholai,
555 4365 642 4431 intra
656 4364 823 4432 ciuitatem
840 4366 1081 4451 Glasguensem,
1095 4369 1174 4436 hora
1194 4376 1311 4439 octaua
1330 4378 1408 4441 anta
