2994 4936
719 421 925 469 PROTOCOLLA

574 628 645 691 222.
670 627 851 692 0111111111
867 627 1061 691 0111111111.

284 802 389 878 Anno,
404 802 464 879 die,
480 822 596 877 mense,
611 800 794 876 indictione,
810 809 843 864 et
858 800 1054 883 pontificatu,
1069 799 1187 882 quibus
1210 798 1394 862 immediate

240 933 344 995 supra,
366 913 444 976 hora
466 920 580 977 octaua
601 918 676 975 ante
699 911 874 988 meridiem,
890 911 943 975 vel
964 911 1093 986 eacirca,
1109 910 1247 973 Thomas
1271 910 1388 973 mee

240 1025 280 1088 de
295 1024 497 1108 Langschaw‚
513 1023 614 1100 miles,
629 1023 766 1087 fideliter
780 1023 926 1105 promisit
941 1030 974 1086 et
989 1023 1144 1105 obligauit
1167 1044 1200 1086 se
1223 1022 1394 1104 acquirere,

240 1145 273 1201 11
287 1139 461 1203 deliberare
476 1140 631 1222 Magistro
646 1139 755 1202 Dauid
771 1138 957 1222 Conigham,
968 1137 1103 1214 officiali,
1116 1137 1392 1201 confirmacionem

239 1250 365 1333 regiam,
381 1258 534 1332 tanquam
550 1249 718 1313 senescalli
734 1249 847 1322 Scotie,
863 1269 958 1331 super
972 1255 1058 1311 carta
1079 1249 1223 1312 varautie
1245 1255 1278 1311 et
1300 1248 1394 1311 terris

239 1360 279 1424 de
295 1361 502 1424 Gallowberis
517 1360 690 1443 prelibatis,
705 1359 780 1422 data
796 1359 880 1422 dicto
896 1360 1052 1442 Magistro
1067 1359 1176 1423 Dauid
1187 1379 1244 1442 per
1256 1358 1394 1422 eundem

239 1472 394 1534 Thomam
424 1472 459 1534 in
488 1471 658 1554 specialem
691 1470 874 1533 varanciam
903 1491 960 1534 sex
989 1478 1199 1534 mercatorum
1236 1477 1393 1534 terrarum

239 1568 365 1665 antiqui
381 1589 530 1646 extentus
546 1582 585 1645 de
609 1581 801 1656 Cassiltoun,
822 1602 897 1644 cum
918 1581 1101 1644 molendino
1124 1588 1157 1644 et
1178 1581 1394 1664 pertinenciis,

235 1693 417 1775 jacencium
432 1694 487 1756 ubi
510 1713 623 1776 supra;
646 1698 678 1756 et
700 1692 768 1769 hoc,
783 1692 811 1755 si
831 1713 911 1775 opus
927 1701 960 1756 11
975 1713 1103 1756 necesse
1118 1700 1151 1757 et
1166 1693 1246 1757 vtile
1261 1699 1346 1758 esset
1361 1699 1394 1758 et

239 1805 408 1884 videretur,
431 1826 488 1888 pro
515 1805 659 1868 laniendo
686 1804 808 1867 dictum
834 1804 1001 1867 officialem
1028 1811 1061 1868 et
1088 1825 1162 1868 suos
1187 1825 1336 1868 securum
1361 1811 1394 1870 et

239 1918 408 2000 pacificum
437 1917 472 1979 iu
498 1916 592 1980 dictis
616 1916 708 1980 terris
731 1915 770 1979 de
794 1915 993 1978 Cassiltoun:
1017 1916 1119 1979 Peciit
1140 1915 1226 1979 idern
1248 1916 1393 1980 officialis

239 2029 469 2092 instrumenta:
492 2028 575 2091 Acta
596 2028 632 2090 in
654 2027 767 2091 edibus
789 2027 932 2090 eiusdem
955 2026 1098 2089 officialis
1120 2027 1205 2089 intra
1227 2027 1393 2091 ciuitatem

240 2139 488 2223 Glasguensem3
511 2140 656 2215 testibus,
671 2138 836 2202 Willelmo
860 2138 1037 2221 Conigham
1063 2138 1102 2202 de
1127 2138 1288 2221 Craganis,
1303 2139 1393 2202 dom·

240 2251 294 2341 1111
309 2250 456 2313 Dionisio
470 2249 640 2325 Achiulek,
655 2249 700 2311 M.
718 2251 813 2312 Petro
829 2250 947 2326 Broun,
962 2257 995 2312 11
1009 2248 1161 2316 Wilelnrc
1177 2249 1344 2316 Henhede.

552 2525 622 2587 223.
648 2525 834 2587 Orncrlurs
851 2524 1039 2588 0111111111.

282 2696 387 2772 Auno,
402 2696 462 2772 die,
477 2717 595 2772 mense,
610 2696 792 2773 indictione,
809 2707 841 2760 et
863 2698 1060 2779 pontificatu,
1075 2697 1193 2780 quibus
1208 2697 1393 2762 immediate

239 2828 350 2891 supra:
372 2807 536 2871 Johaunes
552 2807 644 2883 Glen,
660 2807 800 2870 balliuus
815 2809 849 2870 in
865 2808 924 2871 hac
939 2815 1030 2891 parte
1045 2807 1124 2872 dicti
1138 2808 1259 2872 Thome
1276 2809 1393 2872 mee

238 2919 278 2982 de
294 2919 852 3003 1113111111,111111111111111111111,
868 2926 900 2982 et
923 2919 1057 2983 tradidit
1079 2918 1241 3002 quoddam
1262 2939 1393 3003 precep-

238 3037 309 3094 tum
339 3032 454 3095 saisine
487 3030 672 3114 pergamini,
698 3030 933 3112 subscripsione
965 3038 997 3094 11
1027 3030 1132 3113 sigillo
1161 3028 1240 3093 dicti
1270 3029 1393 3094 Thome

237 3143 335 3208 rubea
364 3164 436 3207 cera
464 3142 535 3205 albe
565 3142 718 3223 impressa
740 3141 900 3223 pendente
930 3141 1114 3224 sigillatum,
1139 3139 1237 3204 michi
1266 3141 1392 3204 notario

208 3332 211 3339 Ι
236 3254 480 3337 perlegendum:
503 3253 605 3316 Tenor
620 3258 669 3315 est
684 3251 775 3315 talis:
798 3251 934 3314 Thomas
951 3253 1077 3328 mee,
1089 3259 1158 3327 etc,
1172 3247 1390 3333 quodquidem

237 3374 422 3449 preceptum
452 3366 557 3429 dictus
586 3363 736 3427 dominus
766 3363 910 3426 officialis
940 3363 1026 3445 apud
1056 3384 1090 3427 ss
1121 3360 1278 3428 custodit:
1311 3360 1391 3425 Post

237 3478 328 3540 errius
344 3478 484 3560 precepti
498 3477 653 3541 lecturam
663 3484 696 3540 et
705 3476 853 3559 wlgarem
866 3475 1110 3557 exposicionem,
1120 3475 1229 3558 vigore
1238 3472 1392 3552 eiusdem,

236 3596 270 3650 11
284 3589 428 3650 mandati
442 3589 527 3652 dicto
543 3589 626 3653 Glen
642 3588 763 3652 balliuo
780 3588 812 3650 in
828 3587 888 3651 hac
903 3595 993 3671 parte
1008 3608 1065 3670 per
1083 3585 1221 3651 eundem
1236 3585 1392 3651 Thomam

237 3698 353 3760 mee
371 3699 506 3781 desuper
520 3701 612 3774 facto,
627 3700 712 3763 idem
728 3699 893 3762 lohannes
909 3698 992 3763 Glen
1009 3698 1150 3761 balliuus
1165 3697 1255 3762 dedit
1270 3704 1393 3762 statum

235 3807 462 3872 hereditarium
492 3817 525 3872 et
555 3810 705 3872 saisinam
735 3820 890 3873 terrarum
925 3810 964 3873 de
997 3808 1184 3880 Galloberis,
1215 3829 1290 3872 cum
1321 3830 1393 3893 per-

235 3920 393 3995 tinenciis,
423 3919 459 3981 in
492 3920 663 4002 specialem
692 3922 871 3983 varentiam
901 3942 957 3984 sex
997 3927 1210 3984 mematarum
1239 3919 1280 3984 de
1317 3921 1393 3986 Cas-

235 4031 364 4106 siltoun,
388 4052 461 4094 cum
484 4031 666 4094 molendino
693 4041 726 4094 11
749 4033 965 4113 pertinenciis,
987 4053 1044 4114 per
1066 4039 1183 4095 terram
1207 4039 1241 4095 11
1260 4030 1398 4115 lapides,

236 4142 400 4206 Willelmo
437 4142 614 4225 Conigham
650 4143 690 4205 de
728 4130 889 4224 Craganis
924 4144 1119 4225 procuratori
1158 4151 1192 4207 ct
1228 4149 1394 4208 actoruato

234 4253 314 4317 dicti
335 4252 457 4316 domini
479 4254 632 4329 officialis,
655 4254 695 4318 de
725 4254 817 4319 cuins
842 4254 1073 4336 procurationis
1103 4261 1137 4318 11
1161 4254 1393 4320 actornationia

234 4363 385 4430 mandato
407 4364 505 4431 michi
527 4364 706 4431 luculenter
728 4365 903 4444 constabat,
924 4366 1022 4449 juxta
1043 4370 1188 4430 tenorem
1211 4372 1297 4431 carte
1318 4384 1392 4431 var-
