2994 4936
203 405 265 469 332
673 423 881 473 raoroconm

39 609 95 648 aa.
113 598 186 647 1610.
202 581 310 667 peciit,
335 579 443 664 vigore
470 580 613 644 eiusdem
642 581 900 665 presentacionis,
927 602 964 646 ac
989 581 1029 646 de
1055 588 1091 646 et
1115 603 1214 667 super
1238 583 1366 662 eadem,

82 690 149 701 ““
202 693 406 757 collationem
420 691 613 755 ordinariam
627 693 689 756 sibi
711 693 865 757 conferri:
887 693 992 757 Peciit
1007 693 1165 778 Magister
1179 695 1366 761 Richardus

202 804 352 889 Dowgles
381 805 510 869 nomine
533 803 612 868 dicti
633 803 794 868 Johannis
822 806 1055 870 instrumenta:
1082 806 1167 870 Acta
1189 813 1229 870 ut
1250 816 1287 872 et
1308 808 1366 872 vbi

201 937 305 1002 supra

461 1079 533 1141 425.
558 1077 1094 1142 Hmnnroun-cssrnsrma.

245 1251 309 1315 Die
339 1250 478 1327 sabbati,
504 1250 562 1333 xiij
593 1250 725 1334 Aprilis,
750 1270 845 1327 anno,
866 1271 986 1326 mense,
1007 1249 1193 1327 indictione,
1216 1255 1250 1315 et
1279 1271 1365 1335 pon·

201 1363 335 1438 tificatu,
361 1363 480 1445 quibus
510 1382 616 1445 supra,
641 1362 677 1424 in
706 1381 818 1424 manso
840 1360 1044 1445 prebendarii
1074 1362 1114 1427 de
1144 1363 1297 1426 Renfrew
1327 1365 1364 1428 in

202 1472 339 1555 Glang,
354 1472 431 1535 hora
446 1472 539 1555 quasi
554 1493 576 1535 x
591 1479 666 1536 ante
680 1472 848 1537 meridiem
862 1472 916 1536 vel
930 1473 1059 1549 eacirca,
1069 1473 1209 1537 testibus
1220 1473 1364 1539 dominis

202 1584 340 1647 Roberto
377 1584 530 1660 Fawside,
571 1584 709 1647 Roberto
748 1583 853 1659 Clark,
894 1584 1056 1648 canonicis
1093 1584 1363 1668 Glasguensibus,

201 1695 367 1760 Willelmo
391 1694 554 1772 Clarkson,
576 1695 697 1758 Thoma
726 1694 831 1772 Blare,
844 1695 1045 1779 presbiteris:
1067 1694 1225 1779 Magister
1246 1696 1361 1761 Dauid

202 1807 437 1884 Hammiltoun,
448 1806 620 1871 canonicus
632 1806 849 1889 Glasguensis,
858 1806 1047 1871 ostendebat
1062 1806 1225 1889 quandam
1240 1807 1364 1893 obliga·

202 1921 333 1996 tionem,
356 1940 455 1983 manu
480 1919 642 2002 quondam
667 1918 790 1981 domini
812 1917 972 1982 Johannis
996 1918 1130 1982 Sherare
1153 1926 1187 1982 et
1210 1918 1364 2003 Magistri

203 2031 363 2095 Johannis
386 2031 517 2106 Gibson‚
539 2029 740 2113 prebendarii
755 2029 795 2093 de
818 2029 976 2106 Renfrew,
991 2030 1214 2113 subscriptam,
1236 2031 1273 2094 in
1296 2052 1363 2115 qua

203 2143 284 2206 dicti
309 2143 544 2206 subscribentes
566 2141 764 2205 coniunctim
787 2147 820 2204 et
843 2140 974 2204 diuisim
999 2147 1090 2205 erant
1113 2141 1249 2224 obligati
1271 2142 1361 2207 dicto

204 2254 359 2337 Magistro
384 2253 494 2316 Dauid
518 2252 667 2335 expedire
690 2273 710 2314 a
733 2245 807 2316 sede
827 2251 1010 2335 apostolica,
1032 2260 1066 2316 et
1085 2252 1173 2315 domi
1190 2261 1362 2336 reportare,

202 2384 301 2428 vnam
321 2364 592 2446 dispensationem
614 2363 649 2426 in
671 2364 772 2426 forma
794 2383 924 2438 camere,
947 2363 989 2426 ad
1010 2362 1075 2426 duo
1097 2363 1363 2446 incompatibilia,

202 2474 325 2557 prefato
340 2475 496 2556 Magistro
518 2475 628 2538 Dauid
650 2476 736 2538 intra
757 2495 879 2538 annum
893 2495 912 2537 a
927 2474 1002 2537 data
1017 2472 1093 2537 xx¹²¹
1108 2475 1228 2539 mensis
1244 2475 1363 2541 Marcii

108 2670 112 2677 .
203 2584 281 2648 anni
297 2584 546 2665 quingentesimi
562 2587 669 2649 octaui
684 2606 860 2663 cursurum,
874 2584 928 2650 vel
942 2585 1111 2650 refundere
1126 2586 1188 2650 sibi
1203 2586 1362 2671 Magistro

202 2694 311 2759 Dauid
328 2715 486 2756 summam
501 2695 558 2757 xix
573 2695 628 2759 lib.
640 2697 716 2773 xvi,
727 2697 921 2779 persolutam
937 2697 1022 2760 dicto
1037 2697 1200 2780 quondam
1214 2697 1363 2762 Johanni

201 2827 259 2890 pro
284 2805 469 2869 huiusmodi
496 2806 744 2888 dispensationis
767 2808 988 2890 expeditione:
1010 2808 1053 2872 Et
1075 2809 1153 2891 quia
1173 2808 1361 2873 huiusmodi

51 2930 104 2983 Ful.
120 2934 175 2985 ros.
203 2918 407 3003 dispensatio,
422 2924 460 2981 ut
484 2919 552 3002 ipse
577 2918 731 3001 Magister
753 2919 863 2982 Dauid
889 2919 1034 2996 asseruit,
1050 2941 1114 2983 nou
1130 2920 1192 2983 suit
1207 2921 1362 3003 expedita

202 3039 235 3097 et
250 3033 312 3096 sibi
326 3031 413 3095 domi
428 3037 596 3114 reportata,
611 3037 805 3113 protestatus
817 3037 867 3094 est
877 3031 990 3095 amodo
1002 3052 1036 3095 se
1048 3053 1113 3094 non
1124 3031 1207 3094 velle
1217 3033 1360 3116 recipere

201 3144 386 3208 huiusmodi
401 3143 681 3225 dispensationem,
696 3142 773 3206 licet
794 3150 906 3226 postea
920 3143 982 3206 sibi
997 3143 1172 3218 adueniret,
1186 3142 1257 3206 viso
1271 3145 1360 3226 quod

201 3277 305 3320 annus
320 3255 537 3339 promissionis
553 3254 636 3317 facte
657 3273 714 3337 per
735 3254 843 3337 ipsum
865 3254 1031 3317 dominum
1054 3253 1237 3318 Johannem
1258 3274 1359 3338 penes

202 3368 460 3450 impetrationem
475 3366 560 3429 dicte
583 3365 830 3448 dispensationis
844 3365 952 3427 fluxus
974 3371 1051 3440 erat,
1066 3371 1099 3428 et
1121 3365 1208 3429 dicta
1229 3365 1359 3449 dispen-

203 3479 283 3541 satio
306 3478 369 3541 sibi
391 3499 455 3540 non
479 3478 542 3540 luit
564 3477 719 3541 hactenus
742 3476 891 3559 expedito
905 3483 938 3539 et
954 3475 1137 3551 deliberata,
1152 3476 1208 3540 sed
1223 3497 1258 3540 se
1271 3477 1357 3541 vellc

202 3607 361 3650 summam
391 3589 447 3650 xix
477 3587 532 3651 lib.
563 3589 631 3670 xvj·
660 3589 805 3671 perprius
835 3587 938 3650 eidem
974 3587 1103 3649 domino
1129 3587 1274 3651 Jolranni
1299 3609 1358 3671 pro

201 3698 364 3780 premissis
401 3698 608 3781 expediendis
645 3698 891 3763 deliberaturum
929 3698 1077 3780 recipere,
1113 3698 1295 3776 reclamare,
1324 3709 1358 3763 et

201 3807 335 3872 habere:
358 3808 461 3871 Peciit
475 3808 561 3872 idern
577 3809 732 3893 Magister
746 3810 855 3873 Dauid
870 3809 1092 3873 instrumenta

243 4079 315 4143 426.
339 4078 558 4142 Drsrnussno
581 4078 725 4142 Itoanarr
748 4080 858 4143 Anxn
880 4096 920 4143 nr
943 4081 1144 4143 Karnnnnrn
1166 4079 1314 4145 Wrrson.

244 4252 307 4317 Die
322 4250 501 4327 Dominica,
523 4251 591 4334 xiiij
620 4252 750 4334 Aprilis,
772 4274 865 4330 anno,
888 4252 1073 4329 indictione,
1098 4259 1131 4317 st
1156 4252 1355 4336 pontificatu,

200 4365 318 4448 quibus
337 4362 522 4428 immediate
537 4383 641 4447 supra,
656 4364 690 4427 in
705 4364 799 4430 choro
814 4364 1015 4449 Glssguensi,
1029 4365 1107 4428 hora
1121 4365 1214 4448 quasi
1229 4365 1262 4449 xj
1278 4371 1355 4431 anta
