2994 4936
250 425 313 486 482
724 430 930 477 raoroconm

87 627 144 664 nn.
163 614 235 662 1513.
251 595 371 659 roboris
386 592 547 655 firmitatis
559 590 612 654 vel
627 588 790 664 momenti,
801 587 921 651 iudicio
932 584 985 649 vel
996 591 1095 661 extra,
1106 589 1264 667 tanquam
1276 583 1398 667 pervim

130 706 195 716 ““
252 714 285 771 et
299 713 422 768 metum
437 705 495 786 qui
509 703 621 766 cadere
635 701 741 784 potuit
756 701 791 762 in
806 707 1007 764 constantem
1021 698 1128 760 virum
1143 697 1230 760 facta
1251 718 1321 761 esse
1336 696 1400 771 wlt;

252 819 291 882 de
303 838 366 900 quo
379 817 486 899 sepius
498 822 531 879 et
542 813 717 877 solenniter
727 816 921 894 protestatus
932 817 990 886 est,
1001 816 1034 873 et
1048 809 1136 893 quod
1151 809 1245 892 sique
1260 810 1343 873 facta
1352 827 1401 892 per

252 931 358 1013 ipsum
377 933 491 1003 essent,
507 933 595 990 metu
618 925 779 1007 premisso,
794 923 829 985 in
851 923 1063 1005 preiudicium
1085 923 1324 1004 premissorum,
1345 941 1401 983 non

253 1041 378 1105 cederet
393 1038 454 1101 sibi
470 1045 503 1100 et
517 1037 584 1099 suis
600 1035 834 1099 successoribus
849 1033 884 1095 in
899 1032 1111 1116 preiudicium
1133 1031 1286 1114 aliquod:
1309 1031 1400 1094 Paciit

254 1152 339 1215 idem
355 1150 453 1212 abbas
468 1149 689 1211 instrumenta.

257 1424 327 1486 626.
353 1423 604 1485 Oancamsams
632 1422 881 1483 Oouurssaarus
909 1418 1193 1482 Rnuanmmssrm
1220 1433 1256 1480 nr
1280 1417 1403 1481 erooo

722 1532 941 1595 Gnasaunnsr.

301 1707 363 1770 Die
384 1706 508 1781 Martis,
523 1705 628 1768 sinodi
650 1704 866 1788 Glasguensis,
881 1704 995 1786 quinto
1009 1703 1140 1786 Aprilis,
1156 1723 1242 1766 anno
1257 1703 1406 1787 quingen-

256 1819 371 1883 tesimo
393 1818 461 1900 xiij,
484 1817 660 1880 indictione
683 1816 794 1898 prima,
816 1816 1022 1898 pontificatus
1043 1815 1128 1879 Julii
1148 1812 1194 1878 2ἀί
1216 1834 1303 1878 anno
1329 1835 1359 1891 x,
1379 1823 1408 1877 et

257 1931 346 2013 regni
360 1931 383 1993 J
384 1930 475 1992 acobi
489 1929 596 2011 quarti
611 1949 695 1992 anno
711 1947 786 2003 xxv,
801 1927 886 1989 intra
901 1927 1033 1991 chorum
1047 1925 1180 1990 ecclesie
1195 1924 1409 2008 Glaaguensis,

257 2042 334 2104 hora
348 2042 472 2104 decima
487 2049 561 2104 ante
576 2040 742 2104 meridiem
756 2038 809 2102 vel
825 2040 915 2114 circa,
930 2039 1066 2104 testibus
1089 2038 1255 2121 Magistris
1271 2036 1410 2101 Bolando

257 2152 419 2229 Blacader,
441 2153 547 2215 Adam
571 2151 773 2234 Culquhoun,
794 2150 960 2214 Willelmo
984 2151 1127 2225 Stenart,
1147 2149 1315 2213 Willelmo
1338 2150 1410 2212 Bar·

257 2264 338 2347 clay,
361 2264 556 2328 Arclribaldo
583 2265 701 2346 Layng‚
728 2262 866 2325 dominis
893 2262 1042 2325 Johanne
1073 2261 1192 2325 Hawik
1215 2269 1250 2326 et
1276 2261 1410 2325 Roberto

257 2376 411 2457 Wemys:
434 2376 588 2458 Magister
610 2375 772 2438 Martinus
796 2374 891 2450 Reda,
907 2394 989 2437 vnus
1004 2373 1295 2437 commissariorum
1309 2393 1410 2437 reuer-

257 2486 424 2547 endissirui
439 2487 462 2547 J
463 2486 551 2548 scobi
568 2485 776 2568 Glasguensis
791 2485 1028 2568 archiepiscopi,
1043 2486 1084 2548 ad
1099 2484 1248 2548 sinodum
1264 2484 1410 2549 conueni-

257 2596 369 2669 endus,
392 2617 531 2658 visacum
558 2617 616 2658 suo
646 2597 774 2679 collega,
804 2597 873 2671 viz,
904 2598 1058 2680 Magistro
1089 2596 1220 2660 Andrea
1250 2595 1411 2669 sibbauld,

257 2706 455 2768 coniunctim
470 2713 503 2768 et
517 2705 657 2780 diuisim,
672 2708 770 2789 peciit
785 2708 1007 2784 instrumenta,
1023 2709 1109 2790 quod
1132 2709 1314 2772 commissio
1336 2708 1412 2771 dicti

258 2817 516 2881 reuerendissimi
542 2817 626 2879 facta
651 2817 774 2879 eisdem
801 2818 862 2880 fuit
888 2819 1051 2899 publicata
1080 2819 1114 2881 in
1145 2818 1256 2881 sinodo
1283 2839 1341 2901 per
1356 2838 1412 2891 me,

258 2930 427 3013 legentem,
439 2936 471 2992 et
483 2929 623 2992 edietum
638 2928 804 3010 publicum
820 2930 986 2993 continens
998 2930 1142 2992 subditos
1152 2930 1231 2993 dicti
1246 2929 1413 2993 reuerend-

259 3042 362 3104 issimi
384 3042 472 3123 prius
496 3041 627 3103 affixum
649 3041 682 3102 in
706 3039 811 3103 valuis
832 3041 963 3104 ecclesie
986 3042 1057 3117 fuit,
1075 3043 1173 3105 etiam
1193 3041 1261 3104 illic
1284 3063 1342 3125 per
1364 3063 1413 3104 me

258 3153 426 3235 legentem,
457 3152 657 3234 publicatum
688 3161 720 3215 et
750 3152 937 3215 mandatum
968 3153 1062 3216 dictis
1093 3153 1351 3216 reuerendiasimi
1381 3154 1415 3216 in

257 3263 378 3338 eodem,
394 3263 489 3326 sicuti
511 3262 638 3325 realiter
660 3269 692 3325 et
714 3263 749 3324 in
772 3263 855 3324 facto
878 3264 1058 3327 commissio
1073 3271 1106 3326 et
1127 3265 1268 3327 edictum
1284 3265 1416 3328 fuerunt

258 3373 430 3456 publicata,
456 3380 488 3436 et
511 3373 552 3434 ad
575 3373 729 3434 noticiam
753 3373 907 3435 sinodalis
932 3381 1021 3436 cetus
1044 3374 1154 3438 audire
1178 3373 1360 3438 volentium
1383 3383 1416 3439 et

259 3485 497 3548 intendentium
509 3483 654 3559 deducta,
669 3483 775 3546 dictus
788 3484 949 3547 Martinus
962 3485 1164 3561 comissarius
1179 3486 1295 3569 prefati
1310 3508 1417 3550 reuer-

259 3597 424 3658 endissimi
439 3595 479 3657 ad
495 3595 678 3657 huiusmodi
694 3595 869 3658 sinodalem
885 3604 992 3659 cetum
1007 3598 1189 3679 regendum,
1203 3618 1343 3661 vnacum
1359 3620 1417 3662 suo

260 3706 387 3787 collega,
403 3714 470 3780 otc,
493 3706 660 3788 suspendit
683 3707 843 3788 quendam
859 3707 1026 3770 dominum
1041 3709 1226 3772 Dionisium
1242 3711 1417 3774 Murdoch-

259 3837 325 3888 son,
348 3817 559 3898 presbiterum
581 3826 746 3892 assertum,
769 3819 937 3892 notarium,
961 3820 1000 3882 ab
1023 3822 1209 3885 executione
1232 3821 1418 3886 huiusmodi

259 3928 355 3990 officii
387 3929 571 4002 notariatus,
598 3950 699 4010 vsque
729 3930 770 3992 ad
800 3951 942 3994 mensem
972 3933 1115 4013 proxime
1145 3933 1299 4008 futurum,
1326 3936 1418 3998 exitu

259 4040 351 4103 cuius
374 4039 493 4100 mensis
516 4038 715 4114 adueniente,
732 4041 846 4103 citauit
860 4042 967 4122 ipsum
982 4043 1021 4105 ad
1045 4043 1293 4125 comparendum
1311 4065 1417 4108 coram

260 4151 345 4213 dicto
372 4148 644 4224 reuerendissimo,
674 4150 760 4213 dicto
790 4151 841 4214 die
872 4153 979 4216 exitus
1009 4153 1192 4216 huiusmodi
1222 4157 1350 4232 mensis,
1376 4157 1416 4219 ad

259 4261 433 4324 videndum
456 4267 489 4323 et
511 4260 706 4323 audiendum
730 4283 772 4336 se,
795 4264 889 4326 certis
912 4264 951 4327 de
974 4265 1078 4328 causis
1100 4266 1354 4343 rationabilibus,
1376 4268 1417 4330 ab

258 4371 443 4434 huiusmodi
458 4371 552 4435 officii
569 4373 756 4436 executione
768 4373 883 4457 deponi
900 4382 932 4438 et
943 4376 1112 4459 depriuari,
1124 4399 1197 4442 cum
1212 4378 1416 4443 intimatione
