2994 4936
88 623 144 662 nn.
164 615 235 664 1513.

99 706 224 794 roffio.

251 423 314 486 492
726 439 933 488 raorocomr
970 488 974 494 ,

620 649 690 711 640.
715 648 1045 713 Fannius—Bonna.

294 819 357 884 Die
373 820 395 884 J
397 821 475 898 ouis,
493 822 545 904 xvj
563 821 682 885 mensis
705 822 728 886 J
729 822 807 899 unii,
823 843 906 885 anno
929 823 1187 906 quingentesimo
1210 823 1295 906 xiij0,
1310 821 1404 886 indie-

249 932 337 996 tione
362 932 475 1016 prima,
499 933 704 1015 pontificatus
730 933 845 997 Leonis
871 933 987 996 decimi
1013 954 1098 996 anno
1123 935 1237 1016 primo,
1261 943 1295 998 et
1320 934 1403 1018 regni

250 1043 364 1108 Jacobi
386 1045 492 1127 quarti
514 1066 598 1108 anno
621 1066 696 1120 xxv,
718 1044 796 1108 hora
817 1044 957 1108 secunda
979 1052 1051 1127 post
1073 1045 1249 1122 meridiem,
1273 1047 1404 1110 testibus

248 1156 369 1219 Jacobo
396 1156 538 1233 Masone,
564 1156 748 1220 Alexandro
774 1156 1015 1234 Walteristoun,
1038 1157 1176 1221 Roberto
1201 1157 1312 1240 Lyone
1335 1159 1405 1222 bur·

248 1267 340 1349 gensi
355 1267 409 1357 'de
449 1268 587 1349 Glasgrr,
618 1267 757 1330 Patricio
795 1267 931 1332 Penvell
962 1275 995 1331 et
1032 1268 1181 1331 lohanne
1211 1269 1405 1345 Johnstouu,

248 1378 358 1441 laicis:
394 1378 535 1441 Michael
566 1379 724 1462 Flemyng
752 1381 920 1464 burgensis
958 1381 997 1444 de
1032 1380 1170 1463 Glasgiv,
1202 1381 1405 1464 corporaliter

248 1489 382 1551 accessit
397 1489 438 1551 ad
454 1489 534 1552 duas
550 1510 638 1552 corus
654 1497 736 1553 terre
752 1491 908 1568 crostales,
923 1491 1063 1555 iacentes
1085 1493 1119 1554 in
1141 1493 1302 1555 territorio
1317 1492 1406 1576 burgi

248 1600 288 1663 de
311 1599 442 1684 Glasgu‚
458 1601 492 1663 in
515 1600 545 1664 le
572 1602 744 1679 Deneside,
759 1603 845 1666 inter
870 1610 970 1668 terras
997 1604 1066 1667 siue
1093 1603 1223 1666 hortum
1249 1603 1405 1668 Willelmi

248 1711 367 1775 Baxter
381 1713 421 1775 ab
436 1713 591 1788 orientali,
603 1720 636 1777 et
651 1713 811 1777 venellam
828 1734 1029 1778 communem
1045 1735 1107 1797 que
1123 1714 1213 1778 ducit
1229 1715 1270 1778 ad
1286 1716 1405 1779 fontem

248 1824 287 1888 de
304 1824 334 1888 le
350 1825 511 1888 Deneside
533 1825 574 1887 ab
597 1825 788 1889 occidentali
809 1826 971 1908 partibus:
993 1827 1036 1888 Et
1058 1826 1178 1888 ibidem
1200 1826 1306 1890 dictas
1328 1827 1406 1890 duas

247 1956 335 1999 aeras
352 1944 433 2000 terre
449 1957 523 1999 eum
539 1937 752 2020 pertinentiis,
768 1937 873 2019 quoad
890 1937 1020 2001 feodum
1036 1937 1218 2013 earundem,
1233 1939 1409 2023 resignauit

248 2068 390 2130 pureque
417 2048 607 2131 simpliciter
634 2069 652 2111 a
678 2069 711 2111 se
737 2055 769 2111 et
792 2047 963 2111 heredibus
987 2048 1054 2111 sius
1080 2069 1208 2112 sursum
1234 2049 1333 2126 dedit,
1351 2069 1406 2133 per

247 2179 386 2222 massam
416 2167 498 2223 terre
529 2167 561 2223 et
591 2160 717 2242 lapidis,
746 2167 784 2222 vt
814 2161 909 2223 moris
947 2167 1004 2235 est,
1033 2160 1068 2222 in
1105 2160 1255 2223 manibus
1285 2161 1404 2225 Tharne

250 2271 408 2354 Hugonis,
431 2271 544 2333 balliui
574 2292 630 2354 pro
661 2279 803 2354 tempore
833 2271 955 2334 domini
985 2271 1158 2335 subdecani
1189 2271 1405 2356 Glasguensis,

247 2381 432 2445 huiusmodi
447 2383 692 2465 resignationem
715 2382 915 2464 recipientis:
943 2382 1136 2464 Postquam
1158 2383 1405 2466 resignationem

248 2492 354 2554 dictus
391 2491 542 2568 balliuus,
572 2494 680 2575 vigore
719 2493 770 2556 sui
812 2493 917 2569 officii,
954 2500 987 2557 et
1023 2493 1064 2556 ad
1101 2494 1291 2557 instantiam
1328 2495 1405 2559 dicti

248 2600 427 2677 Michaelis,
465 2603 562 2678 dedit,
592 2623 649 2684 per
685 2603 825 2666 similem
862 2604 1068 2667 traditionem
1098 2613 1180 2668 terre
1217 2614 1250 2669 et
1279 2605 1406 2689 lapidis,

248 2720 368 2776 statum
404 2713 489 2775 feodi
526 2713 763 2790 hereditarium,
800 2715 948 2791 aesinam,
986 2716 1103 2780 realem
1140 2724 1173 2780 et
1210 2718 1404 2800 corporalem

247 2823 478 2908 possessionem
515 2824 554 2886 de
584 2824 680 2887 dietis
711 2824 835 2888 duabus
873 2828 953 2889 acris
990 2833 1081 2903 terre,
1110 2834 1206 2910 prout
1235 2828 1343 2892 iacent
1371 2830 1405 2891 in

246 2936 447 3020 longitudine
470 2943 502 3000 et
531 2935 713 3011 latitudine,
744 2936 829 2999 dicto
864 2938 1015 3002 hliolraeli
1044 2946 1077 3002 et
1106 2939 1285 3022 Margaret-e
1317 2940 1405 3003 Bura

247 3069 302 3111 sue
331 3069 453 3130 sponse,
470 3057 502 3111 ot
525 3069 634 3111 eorum
657 3047 750 3111 alteri
777 3048 903 3111 diucius
919 3049 1053 3125 viuenti,
1069 3050 1104 3111 in
1130 3050 1241 3112 iuncta
1264 3051 1405 3115 infeoda-

246 3160 341 3236 tione,
354 3167 387 3223 et
401 3160 572 3223 heredibus
585 3161 670 3223 inter
684 3160 770 3242 ipsos
782 3159 925 3243 legitime
937 3161 1109 3242 procreatis
1121 3181 1178 3224 seu
1192 3163 1405 3243 procreandis,

246 3272 335 3335 saluo
362 3273 429 3335 iure
457 3271 628 3334 cuiuslibet
655 3272 913 3353 imperpetuum:
947 3271 1108 3334 Soluturis
1134 3272 1209 3335 inde
1235 3275 1404 3337 annuatim

245 3404 369 3446 annuos
391 3383 534 3447 redditus
551 3389 584 3445 et
606 3402 702 3444 onera
725 3382 799 3444 inde
827 3382 909 3444 solui
932 3381 1027 3444 solita
1049 3391 1081 3445 et
1104 3391 1265 3460 consueta,
1281 3387 1405 3468 prefato

245 3495 382 3570 domino,
398 3493 578 3557 subdecano
602 3500 635 3557 et
657 3494 892 3556 suecessoribus
916 3493 991 3567 nuic,
1008 3500 1168 3556 reseruato
1191 3495 1288 3557 etiam
1303 3495 1404 3560 libero

245 3613 428 3669 tenemento
458 3605 617 3668 dictarum
639 3612 794 3667 terrarum
821 3604 938 3667 Jonete
969 3604 1168 3668 Huohonson
1193 3606 1288 3668 mat-ri
1318 3607 1405 3671 dicte

245 3715 415 3779 Michaelis
438 3737 494 3798 pro
517 3723 585 3779 toto
607 3723 749 3797 tompore
775 3715 842 3779 vite
866 3736 941 3778 sue:
965 3716 1133 3779 Petierunt
1159 3717 1236 3779 dicti
1260 3716 1405 3782 Michael

244 3836 277 3890 et
294 3827 474 3910 Margareta
489 3827 641 3890 hincinde
656 3827 890 3890 instrumenta:
913 3827 997 3889 Acta
1011 3834 1047 3889 vt
1062 3847 1166 3910 supra.

519 4147 523 4155 .
557 4102 628 4165 641.
653 4101 871 4164 Sunnacasus
895 4101 1078 4163 Bmcnnan.

287 4276 349 4338 Die
372 4273 516 4349 Veneris,
532 4274 597 4356 xvij
622 4273 723 4350 Junii,
746 4294 839 4349 anno,
862 4294 979 4349 mense,
1003 4273 1186 4351 indictione,
1201 4274 1402 4357 pontificatu,

242 4392 275 4449 et
301 4387 399 4472 regni,
426 4384 549 4467 quibus
569 4385 754 4449 immediate
784 4404 889 4468 supra,
915 4385 949 4447 in
976 4384 1046 4449 loco
1072 4385 1242 4469 capitulari
1268 4385 1402 4451 ecclesie
