2994 4936
251 441 316 503 494
730 455 937 503 rsorocoum

87 638 144 676 uo.
162 628 234 676 151³.
250 613 536 696 archiepiscopum,
565 620 599 676 et
628 613 697 676 eius
727 612 918 677 auctoritate
948 613 1117 690 ordinaria,
1147 635 1185 679 ac
1216 636 1275 700 per
1304 616 1404 681 literas

132 719 197 728 ““
250 723 430 788 collationis
446 733 480 789 et
494 725 687 809 prouisionis
702 724 855 799 eiusdem,
865 725 934 788 eius
949 745 1024 789 vero
1039 725 1147 810 sigillo
1160 727 1304 791 rotundo
1315 728 1405 792 rubes

250 856 322 899 cera
351 835 423 900 albe
457 837 612 920 impressa
646 835 862 919 impendente,
893 843 927 900 et
961 836 1049 913 alias,
1079 838 1205 903 debiter
1241 839 1405 915 roboratas,

250 948 401 1012 canonice
431 948 605 1031 prouisum,
631 947 781 1010 omnibus
807 947 993 1023 melioribus
1023 948 1126 1025 modo,
1148 957 1219 1026 etc,
1242 951 1405 1015 constituit

250 1079 324 1122 suos
334 1066 559 1142 procuratores,
569 1059 638 1134 viz,
650 1058 822 1141 Magistros
832 1065 865 1121 et
874 1057 1021 1134 dominos
1032 1059 1192 1123 Jacobum
1204 1060 1405 1144 Cuiquhoun,

249 1171 272 1235 J
273 1173 407 1234 scotum
420 1171 608 1247 Howstoun,
620 1169 883 1234 Bartholomeum
895 1169 980 1246 Blar,
991 1171 1193 1253 presbiteros,
1204 1172 1404 1236 Willelmum

251 1282 380 1358 Baxtar,
409 1282 603 1345 Nicholaum
633 1281 758 1345 Jakson
788 1288 821 1344 et
859 1280 1056 1344 Richardum
1086 1281 1274 1358 Brsnewod,
1304 1282 1404 1359 laicos,

250 1392 398 1456 absentes
422 1401 577 1474 tanquam
606 1399 780 1475 presentes,
809 1397 843 1455 et
872 1412 982 1455 eorum
1011 1392 1198 1475 quemlibet,
1224 1394 1404 1471 insolidum,

249 1502 290 1565 ad
311 1502 497 1584 petendum,
520 1487 715 1579 intrandum,
731 1503 983 1586 adipiscendum,
999 1524 1036 1568 ac
1056 1504 1265 1568 retinendum
1287 1527 1405 1590 posses

249 1613 373 1677 sionem
395 1613 598 1696 corporalem,
620 1613 779 1678 actualem
801 1621 835 1678 et
856 1613 975 1678 realem
997 1635 1055 1678 seu
1076 1616 1168 1697 quasi
1189 1615 1277 1681 dicte
1292 1618 1405 1681 vicaru

249 1732 411 1808 perpetue,
438 1738 511 1788 curn
542 1725 691 1788 omnibus
722 1726 789 1789 suis
819 1726 943 1789 iuribus
974 1733 1007 1790 et
1035 1726 1253 1809 pertinentiis,
1279 1729 1405 1792 nomine

248 1837 351 1920 ipsius
374 1837 609 1912 constituentis,
639 1857 676 1899 ac
699 1857 732 1899 se
756 1836 974 1919 nomineque
1003 1837 1038 1899 in
1062 1838 1259 1921 corporalem
1283 1860 1406 1923 posses·

249 1949 371 2012 sionem
387 1949 472 2013 dicte
488 1949 604 2012 vicarie
620 1969 693 2012 oum
715 1948 919 2031 pertinentiis
941 1948 1060 2025 induci,
1075 1949 1161 2032 poni,
1177 1971 1214 2014 ac
1237 1950 1405 2016 inductum

248 2060 378 2124 delendi
389 2061 572 2124 faciendum
583 2068 616 2123 et
627 2059 811 2143 petendum,
823 2060 915 2122 iuxta
925 2060 1060 2123 formam
1072 2060 1231 2125 dictarum
1240 2062 1405 2127 literarum

248 2172 440 2253 prouisionis
456 2168 488 2235 et
511 2171 690 2235 collationis
706 2171 767 2234 sibi
788 2170 925 2253 desuper
939 2172 1104 2247 factarum,
1119 2192 1194 2235 cum
1209 2175 1406 2251 extensione,

247 2301 285 2344 ao
300 2282 445 2345 clausula
468 2282 506 2346 de
522 2289 590 2345 rato
605 2289 638 2345 et
659 2288 757 2364 grato,
773 2280 860 2364 quod
881 2282 1030 2365 promisit
1051 2282 1150 2346 michi
1165 2284 1289 2347 notario
1304 2285 1405 2368 stipu-

229 2390 330 2455 lanti
345 2401 378 2456 et
392 2393 568 2476 recipienti,
581 2413 617 2455 ao
633 2393 705 2456 aliis
720 2392 873 2456 clausulis
889 2393 1075 2457 necessariis
1089 2393 1124 2456 in
1135 2395 1273 2458 uberiori
1289 2397 1406 2460 forma:

248 2503 350 2565 Peciit
365 2503 451 2567 idem
466 2506 666 2568 constituens
682 2505 906 2568 instrumenta:
927 2505 1012 2568 Acta
1026 2513 1063 2568 vt
1078 2513 1111 2568 et
1125 2505 1181 2568 vbi
1197 2527 1301 2590 supra.

670 2781 740 2842 643.
766 2780 980 2852 Ouuouuouu.

291 2953 420 3017 Eisdem
443 2973 499 3036 per
522 2953 646 3014 omnia:
670 2953 828 3016 liebertus
852 2953 1057 3036 Culquhoun,
1072 2961 1174 3018 rector
1196 2954 1236 3019 de
1252 2956 1405 3033 Dumbar,

246 3085 282 3128 ac
312 3076 415 3128 rector
441 3065 481 3128 de
509 3065 719 3128 Curubirtreis
750 3065 888 3148 Glasgrv,
914 3065 953 3129 de
984 3087 1048 3148 qua
1076 3067 1210 3130 rectoria
1237 3067 1277 3131 de
1308 3069 1404 3133 Cum·

246 3175 372 3239 birtreis
403 3183 488 3240 certo
523 3176 616 3238 modo
650 3197 753 3258 nuper
786 3184 930 3252 vacante,
964 3177 1027 3240 fuit
1061 3177 1175 3253 eidem,
1205 3199 1264 3261 per
1297 3180 1405 3244 literas

246 3287 425 3351 collationis
462 3287 720 3351 reuerendissimi
762 3288 863 3370 patris
900 3288 1014 3352 Jacobi
1057 3289 1266 3372 Glasguensis
1303 3294 1405 3356 arohi-

200 3388 202 3393 ’
246 3399 395 3482 episcopi,
419 3399 488 3462 eius
514 3420 589 3462 vero
614 3398 719 3481 sigillo
745 3399 883 3462 rotundo
909 3401 1079 3476 roboratas,
1106 3408 1138 3465 ct
1168 3403 1238 3466 eius
1268 3405 1405 3467 auctori-

245 3515 312 3572 tate
335 3510 502 3585 ordinaria,
526 3511 677 3573 canonice
699 3511 873 3592 prouisum,
897 3512 1064 3574 constituit
1086 3519 1314 3594 procuratores,
1336 3516 1406 3592 vin,

246 3621 416 3703 Magistros
432 3628 465 3686 et
480 3622 625 3684 dominos
641 3623 663 3684 J
666 3623 798 3685 acoburn
817 3621 1023 3704 Culqulroun,
1038 3623 1061 3685 J
1063 3623 1197 3687 acobum
1214 3625 1405 3703 chstoun,

246 3731 505 3795 Bartlrolomeunr
535 3733 619 3809 Blar,
650 3734 810 3796 Joannonr
841 3733 982 3809 Walkar,
1009 3742 1041 3797 et
1072 3736 1231 3799 Joannem
1261 3737 1405 3815 Wallrar,

244 3841 443 3924 presbiteros,
459 3843 655 3906 coniunctim
679 3853 711 3907 et
734 3845 875 3920 diuisim,
891 3845 931 3907 ad
954 3846 1138 3928 petendum,
1160 3848 1357 3926 intrandum,
1372 3858 1406 3915 et

244 3953 495 4037 adipiscendum,
517 3955 648 4018 nomine
670 3956 772 4038 ipsius
795 3957 1032 4032 constituentis,
1047 3957 1165 4020 realem
1189 3959 1349 4023 actualem
1372 3970 1406 4025 et

244 4065 436 4148 corporalem
453 4066 684 4147 possessiouem
700 4087 757 4129 seu
772 4068 863 4148 quasi
887 4068 972 4130 dicte
987 4069 1120 4131 rectorio
1136 4069 1175 4131 de
1192 4068 1404 4135 Cunrbirtreis

244 4199 317 4241 cum
340 4177 565 4260 pertinentiis3
588 4197 624 4238 ac
647 4197 689 4251 se,
706 4180 834 4241 nomine
858 4199 921 4261 quo
936 4200 1040 4262 supra,
1056 4180 1091 4242 in
1114 4181 1308 4263 corporalem
1331 4204 1404 4266 pos-

243 4290 417 4353 sessionem
432 4288 575 4353 eiusdem
591 4288 683 4371 quasi
699 4288 809 4353 induci
825 4298 857 4354 et
880 4291 1011 4373 imponi,
1027 4312 1064 4355 ac
1087 4292 1256 4356 inductum
1272 4293 1403 4359 defendi

244 4400 426 4464 faciendum
453 4411 485 4464 et
514 4400 698 4484 petendum,
729 4401 820 4464 iuxta
855 4403 988 4464 formam
1019 4402 1203 4468 huiusmodi
1234 4404 1402 4471 literarum
