2994 4936
249 425 291 489 60
728 443 933 492 raorooonm

50 582 324 676 ⁸u.1>.150aRod,
350 599 508 665 vicarium
533 600 574 666 de
611 601 752 686 Memys,
782 623 819 666 ao
848 601 1063 666 coadiutorem
1092 597 1241 683 Magistri
1271 595 1407 662 Martini

122 705 188 714 ““
244 709 358 789 Wane‚
382 713 565 778 cancellarii
591 714 807 799 Glasguensis,
831 734 905 779 curn
930 713 988 777 illa
1012 711 1180 797 particula,
1206 717 1240 774 et
1265 710 1408 774 futurius

246 842 416 902 successor,
446 826 602 891 Thomam
632 826 780 902 Murhed,
809 832 963 890 rectorem
997 824 1037 889 de
1074 824 1180 899 stobe,
1210 821 1407 886 Michaelem

81 940 135 993 rol.
150 945 190 995 22.
244 934 409 1022 Flemyng‚
420 944 574 1003 rectorem
588 939 791 1016 domorum,
806 946 839 1003 et
854 938 886 1001 N
887 937 1048 1001 ioholaum
1059 935 1236 1012 GreneIaW,
1251 940 1407 1000 rectorem

243 1047 284 1112 de
298 1048 500 1127 Eddilstoun,
516 1051 684 1115 canonicos
707 1051 931 1135 Glasguenses,
952 1049 992 1112 ad
1015 1048 1103 1113 hunc
1124 1047 1276 1112 effectum
1291 1045 1407 1121 solnm,

183 1216 188 1227 .
243 1159 402 1238 videlicet,
431 1161 471 1224 ad
491 1162 745 1247 prolongandum
768 1169 801 1226 et
822 1161 1036 1225 differendum
1059 1180 1188 1224 causam
1206 1179 1264 1223 sen
1284 1177 1407 1234 causas,

243 1291 307 1353 que
332 1272 470 1336 uertitur
495 1294 553 1337 seu
580 1281 751 1338 uertuntur
781 1275 865 1338 inter
893 1273 1105 1337 reuerendum
1129 1280 1263 1356 patrem,
1288 1269 1408 1346 Dauid,

242 1382 449 1448 miseracione
472 1384 584 1449 diuina
605 1387 790 1469 episcopum
813 1386 1046 1449 Lismorensem
1064 1385 1104 1448 ab
1119 1405 1192 1461 vna,
1207 1391 1241 1448 et
1263 1381 1405 1447 nobilem

243 1500 277 1557 et
290 1500 456 1577 potentem
471 1495 646 1573 dominum,
661 1497 894 1561 Archibaldum
914 1498 1063 1561 comitem
1078 1496 1222 1580 Ergadie,
1238 1494 1405 1558 dominum

243 1605 353 1683 Iome,
369 1613 402 1671 et
417 1606 609 1692 Magistrum
632 1609 780 1693 Hospicii
803 1609 945 1692 supremi
966 1609 1069 1673 nostri
1090 1608 1182 1692 regis,
1198 1607 1342 1691 partibus
1365 1606 1405 1669 ab

243 1715 385 1795 alterae
407 1719 459 1783 die
482 1720 614 1784 Sabbati
639 1722 784 1805 proxime
806 1722 923 1798 futuro,
939 1722 996 1805 qui
1019 1727 1069 1785 est
1091 1729 1172 1784 xxm*
1194 1720 1263 1784 dies
1285 1718 1405 1782 mensis

242 1828 403 1908 instantis,
426 1853 529 1916 vsque
551 1833 592 1897 ad
614 1834 796 1918 proximum
818 1834 905 1898 diem
926 1834 1062 1898 Veneris
1084 1833 1185 1916 prime
1207 1829 1406 1896 hebdomade

244 1940 317 2005 xlm
337 1943 482 2028 proxime
498 1945 625 2010 future:
647 1945 698 2010 Ac
713 1946 813 2010 eciam
827 1946 867 2010 ad
879 1945 1131 2030 cognoscendum
1146 1945 1181 2006 in
1196 1963 1292 2006 causa
1307 1943 1406 2006 inter⁴

245 2055 399 2121 facoionis
413 2059 582 2141 presbiteri
596 2059 636 2122 de
653 2058 783 2141 Corsby,
799 2058 878 2141 xxiij
902 2058 955 2121 die
977 2056 1128 2119 instantis
1143 2055 1271 2129 mensis,
1287 2055 1315 2117 si
1329 2054 1406 2118 lites

245 2167 285 2231 de
300 2168 487 2232 huiusmodi
501 2169 726 2233 interfercione
750 2188 809 2250 per
828 2175 933 2248 partes
955 2171 1178 2247 proponantur,
1193 2163 1248 2226 vel
1269 2164 1310 2225 ad
1332 2185 1406 2246 pro·

244 2278 442 2363 longandum
455 2278 640 2341 huiusmodi
655 2298 782 2340 causam
798 2275 952 2359 usquead
966 2275 1145 2358 predictum
1159 2273 1247 2337 diem
1257 2273 1405 2352 Veneris,

245 2390 347 2472 prime
370 2388 567 2453 hebdomade
594 2387 672 2464 xlm,
693 2394 796 2471 proutv
813 2387 976 2450 videbitur
997 2387 1075 2471 ipsis
1098 2385 1322 2450 commissoriis
1345 2408 1404 2472 pro

244 2508 386 2583 ternpore
401 2500 551 2583 expedire
567 2504 599 2563 et
615 2499 789 2583 congruum
811 2519 898 2564 esse:
921 2500 1024 2583 Super
1041 2499 1168 2583 quibus,
1183 2499 1282 2582 peciit
1297 2499 1403 2565 dictus

244 2611 529 2676 reuerendissimus
550 2619 649 2694 pater,
664 2611 915 2676 instrumentum
938 2619 995 2676 aut
1016 2612 1246 2676 instrumenta:
1269 2613 1353 2677 Acta
1368 2612 1401 2675 in

245 2724 358 2788 edibus
373 2723 452 2787 dicti
466 2723 725 2787 reuerendissirni
745 2724 853 2807 patris,
869 2724 945 2788 hora
967 2723 1060 2808 quasi
1082 2725 1114 2806 xj
1139 2731 1213 2787 ante
1227 2724 1402 2800 meridiem,

243 2836 297 2900 vel
308 2835 442 2915 eaciroa;
458 2835 668 2919 presentibus,
678 2836 722 2899 M.
735 2835 863 2900 Dauide
876 2835 1061 2920 Conigham,
1073 2835 1199 2900 officiali
1211 2835 1403 2920 Glasguensi

244 2947 393 3033 generali,
403 2948 556 3012 canonico
568 2947 768 3032 Glasguensi,
780 2948 917 3011 dominis
929 2948 1059 3011 Andrea
1071 2947 1253 3023 Mersehell,
1266 2947 1403 3011 Patricio

246 3061 414 3138 Blakader,
430 3061 566 3146 Georgio
581 3061 672 3137 Rosa,
687 3059 870 3144 capellanis,
880 3060 903 3124 J
905 3060 1030 3124 ohanne
1040 3059 1199 3136 Cokbum,
1211 3067 1245 3123 et
1254 3060 1277 3124 J
1278 3059 1403 3124 ohanne

246 3176 389 3253 Heriote,
403 3174 548 3239 testibus

738 3337 786 3404 79.
811 3335 904 3398 Roas.

288 3512 386 3604 Anno
408 3493 541 3576 Domini
564 3515 616 3578 Μ0
631 3511 887 3598 quingentesimo
903 3509 945 3586 3⁰,
960 3509 1080 3574 mensis
1100 3506 1264 3572 Februarii
1279 3507 1400 3584 dieve,

245 3618 419 3684 indictione
442 3624 496 3705 vij,
519 3626 724 3706 pontificatus
750 3644 831 3709 pape
854 3624 876 3688 J
879 3622 937 3686 ulii
964 3619 1008 3684 2(11
1030 3642 1113 3685 anno
1134 3620 1246 3704 primo,
1261 3626 1294 3682 et
1316 3640 1400 3683 anno

245 3730 333 3811 regni
347 3731 370 3793 J
372 3733 462 3794 scobi
478 3734 582 3815 quarti
598 3736 687 3814 xvj0:
710 3735 749 3797 In
766 3737 831 3799 mei
845 3734 969 3811 notarii,
984 3739 1052 3810 etc,
1068 3732 1221 3816 Georgius
1238 3730 1321 3808 Soot,
1336 3752 1401 3794 non

244 3840 278 3902 vi
301 3848 358 3903 aut
382 3849 471 3906 metu
494 3842 619 3916 duetus,
637 3848 704 3919 etc,
721 3843 877 3926 obligauit
898 3866 941 3920 se,
963 3845 1026 3908 fide
1048 3844 1160 3922 media,
1183 3843 1257 3907 dare
1279 3850 1401 3908 statum

244 3951 480 4029 hereditarium,
507 3958 540 4016 et
566 3951 717 4014 saisinam
747 3960 781 4015 et
809 3956 1049 4035 possessionem,
1075 3957 1115 4019 de
1142 3956 1281 4039 quadam
1309 3955 1401 4040 pecia

243 4068 335 4136 teme,
352 4062 479 4144 jacente
505 4063 589 4125 intra
615 4061 781 4125 ciuitatem
804 4062 1045 4146 Glasguensem,
1069 4067 1102 4128 in
1129 4067 1160 4130 le
1186 4068 1337 4152 Drygate,
1359 4087 1401 4131 ex

179 4262 186 4274 .
243 4179 333 4256 parte
348 4173 461 4237 boriali
476 4175 540 4238 vici
555 4172 707 4249 eiusdem,
722 4174 806 4237 inter
821 4182 919 4239 terras

81 4260 206 4396 rar

243 4395 424 4483 pertinente
438 4397 502 4462 sibi
524 4395 677 4482 Georgio;
702 4403 736 4463 et
757 4396 817 4464 hoo
839 4401 1098 4484 quandocunque
1120 4401 1344 4483 requireretur,
1359 4403 1401 4470 ad
