2994 4936
650 420 858 469 Psorocotln

502 631 573 694 590.
597 630 762 707 Hueorus,
786 630 994 693 Kremmra.

119 860 124 868 .
219 804 282 868 Die
294 804 393 882 Lune,
407 804 522 887 quinto
536 804 560 868 J
562 803 629 882 ulii,
644 823 728 868 anno
743 803 1002 887 quingentesimo
1016 803 1073 887 xij,
1088 801 1267 868 indictione
1279 820 1322 876 xi.

176 917 381 1000 pontificatus
402 915 488 980 Julii
510 914 554 979 2⁶¹
571 935 657 978 enno
679 916 722 991 ix,
737 923 770 980 et
791 916 881 998 regni
902 914 1007 999 xxiiij,
1021 913 1059 978 in
1081 915 1221 980 ecclesia
1242 913 1322 980 Glas

176 1029 297 1114 guensi,
326 1028 404 1093 hors
433 1027 527 1111 quasi
548 1026 673 1091 decima
700 1034 776 1090 ante
806 1026 982 1103 meridiem,
1004 1025 1059 1090 vel
1082 1025 1322 1103 circa,test1bus

178 1122 342 1225 Magistris
368 1147 401 1205 et
426 1139 565 1203 dominis
590 1138 776 1203 Alexandro
797 1138 1043 1222 Hemmyltoun,
1066 1137 1222 1202 cenouico
1243 1136 1321 1202 Glns

176 1251 297 1335 guensi,
327 1251 477 1315 dohanne
507 1250 655 1333 Sprewle,
684 1250 804 1313 vicario
833 1250 873 1314 de
903 1249 1120 1327 Gurmannok,
1151 1254 1186 1314 et
1214 1248 1323 1333 Rogas

178 1362 416 1438 M⁰Gilhaucha
446 1368 628 1444 preceptore
655 1360 695 1425 de
718 1361 899 1438 Traltrowe,
922 1361 1080 1444 Magister
1105 1359 1218 1425 Dauid
1240 1361 1323 1435 Dwn,

178 1479 361 1557 procurator
390 1480 423 1537 et
452 1493 490 1537 eo
520 1473 650 1537 nomine
681 1472 831 1556 Magistri
855 1472 1008 1536 Richardi
1037 1472 1199 1556 Hugonis‚
1226 1471 1323 1538 'clerici

179 1584 387 1668 Glasguensis
417 1584 560 1661 dionesie,
586 1586 786 1669 presentauit
815 1584 971 1667 quasdam
1000 1582 1107 1647 bullas
1136 1583 1325 1667 apostolicas,

178 1697 311 1761 alteram
325 1697 506 1781 gratiosam,
522 1705 556 1761 et
577 1697 711 1761 alteram
732 1696 956 1771 executoriam‚
970 1695 1164 1778 plumbatas,
1181 1696 1327 1781 Magistro

179 1810 321 1874 Martino
345 1809 441 1886 Rede,
463 1808 591 1872 officiali
613 1807 806 1892 Glnsguensi
829 1807 978 1891 generali,
1004 1806 1166 1871 executori
1190 1813 1224 1873 et
1237 1806 1329 1871 iudici

179 1922 333 2006 delegato,
348 1942 487 1985 vnacum
501 1920 596 1985 certis
612 1920 684 1983 aliis
700 1920 735 1982 in
750 1918 810 1982 hac
823 1926 914 2002 parte
937 1919 1004 1982 suis
1024 1918 1165 2002 collegis,
1180 1919 1329 2003 recipien-

178 2034 275 2110 tibus,
290 2054 454 2098 concessas
477 2033 632 2116 Magistro
655 2031 812 2095 Richardo
837 2031 993 2114 Hugonis‚
1008 2050 1105 2113 super
1123 2031 1331 2115 resignatione

179 2146 323 2209 omnium
335 2146 499 2209 fructuum
508 2145 624 2208 vicarie
634 2143 673 2208 dc
685 2143 878 2220 Kirkbeane,
888 2141 994 2226 quoad
1005 2142 1130 2219 vixerit,
1141 2149 1174 2206 et
1185 2143 1332 2208 facultate

179 2256 214 2318 in
235 2278 286 2321 res
315 2256 523 2341 regrediendi,
554 2256 588 2318 in
618 2262 773 2319 euentum
802 2274 910 2318 cessus
940 2254 993 2318 vel
1015 2255 1165 2319 decessus
1187 2254 1332 2340 Magistri

179 2369 202 2430 J
204 2368 340 2431 ohannis
367 2368 524 2451 Hugonis,
546 2388 633 2431 nunc
657 2367 768 2430 vicarii
790 2366 830 2430 de
853 2366 1048 2442 Kirkbeane,
1071 2375 1104 2430 et
1126 2365 1162 2428 in
1185 2374 1334 2432 euentum

172 2498 339 2559 regressus
368 2477 552 2541 huiusmodi
582 2479 715 2562 pacifica
743 2479 942 2561 possessione
976 2477 1061 2541 dicte
1090 2477 1237 2542 vicarie:
1275 2478 1333 2556 Qui

180 2584 312 2670 quidem
328 2587 425 2650 iudex
442 2588 584 2652 decreuit
598 2610 765 2671 processus
782 2588 1011 2654 executoriales
1033 2608 1129 2671 super
1151 2589 1335 2654 huiusmodi

180 2698 286 2773 bullis,
309 2719 383 2761 oum
405 2698 645 2775 monitionibus,
667 2701 767 2783 penis,
790 2709 823 2764 et
847 2701 998 2776 censuris,
1020 2720 1058 2763 ao
1082 2699 1336 2785 subdelegationi

181 2810 285 2874 solitis
308 2818 341 2875 et
363 2811 532 2887 consuetis,
548 2831 622 2874 cum
644 2812 840 2888 extensione,
857 2812 1019 2889 clausulis,
1035 2819 1067 2875 et
1089 2812 1241 2894 capitulis
1265 2834 1336 2877 eon-

180 2923 289 2999 suetis,
312 2923 347 2986 in
371 2922 514 2987 vberiore
541 2921 615 2986 stilo
641 2929 674 2986 et
699 2923 800 2985 forma
827 2924 970 2988 Romane
996 2923 1099 2988 curie:
1123 2924 1228 2988 Peciit
1253 2925 1337 2990 idem

180 3043 371 3120 procurator,
386 3035 535 3100 mandato
550 3034 721 3099 sufficienti
736 3035 777 3098 ad
792 3035 825 3098 id
840 3036 1017 3099 instructus
1039 3056 1095 3118 per
1109 3034 1220 3100 literas
1235 3037 1338 3122 papiri

181 3155 337 3230 patentes,
356 3147 461 3232 sigillo
484 3155 651 3230 procurato
674 3147 795 3211 domini
819 3148 933 3231 Rogeri
959 3147 1145 3224 McQuhirk,
1160 3149 1339 3231 presbiteri,

182 3269 334 3335 ostensas,
363 3260 492 3323 nomine
518 3259 594 3324 dicti
624 3260 773 3341 Magistri
800 3259 951 3323 Riclrardi
974 3260 1209 3324 instrumenta:
1234 3262 1338 3327 Iudex

182 3371 339 3436 concessit
349 3371 490 3454 sigillum
507 3392 610 3435 suum.

488 3644 558 3706 591.
586 3644 780 3707 Cimrusurr
804 3646 1032 3709 Griscumrss.

228 3813 289 3876 Die
312 3813 414 3890 Jouis,
430 3815 501 3897 viij⁰
524 3817 643 3879 mensis
665 3816 688 3881 J
690 3817 756 3893 ulii,
779 3839 863 3881 anno
886 3819 1142 3902 quingentesimo
1165 3819 1221 3901 xij,
1237 3820 1339 3884 indic·

182 3924 269 3988 tione
284 3944 335 4000 xv,
350 3924 554 4006 pontificatus
570 3928 592 3990 J
595 3927 653 3990 ulii
675 3927 718 3991 2¹¹¹
741 3948 825 3991 anno
841 3930 897 4004 ix0,
912 3929 1121 4011 personaliter
1142 3931 1340 3996 constitutus

183 4035 464 4100 reuerendissimus
491 4045 581 4118 pater
606 4039 747 4102 Jacobus
772 4039 979 4123 Glasgucnsis
1003 4041 1270 4125 archiepiscopus,
1298 4064 1338 4108 ex

182 4148 276 4212 certis
298 4147 401 4212 causis
424 4147 665 4213 rationabilibus
689 4151 833 4213 animum
856 4171 952 4214 suum
977 4153 1019 4215 ad
1045 4152 1079 4216 id
1101 4153 1340 4230 inducentibus,

182 4261 351 4338 consensit,
388 4264 483 4342 prout
519 4264 627 4323 tenore
664 4260 861 4343 presentium
899 4264 1067 4340 consentit,
1105 4265 1340 4330 confirmationi

182 4372 326 4435 omniurn
353 4379 386 4436 et
412 4368 610 4455 singulorum
632 4372 872 4455 priuilegiorum
898 4372 1011 4437 decani
1032 4383 1066 4439 et
1088 4375 1222 4459 capituli
1244 4377 1340 4442 Glas-
1366 4379 1372 4390 ‘
