<?xml version="1.0" encoding="UTF-8"?>
<!DOCTYPE html PUBLIC "-//W3C//DTD XHTML 1.0 Transitional//EN"
    "http://www.w3.org/TR/xhtml1/DTD/xhtml1-transitional.dtd">
<html xmlns="http://www.w3.org/1999/xhtml" xml:lang="en" lang="en">
 <head>
  <title>
</title>
<meta http-equiv="Content-Type" content="text/html;charset=utf-8" />
  <meta name='ocr-system' content='tesseract 3.04.00' />
  <meta name='ocr-capabilities' content='ocr_page ocr_carea ocr_par ocr_line ocrx_word'/>
</head>
<body>
  <div class='ocr_page' id='page_1' title='image "./liberprotocollo00rogegoog/liberprotocollo00rogegoog_0454.png"; bbox 0 0 2994 4936; ppageno 0'>
   <div class='ocr_carea' id='block_1_1' title="bbox 253 425 940 488">
    <p class='ocr_par' dir='ltr' id='par_1_1' title="bbox 253 425 940 488">
     <span class='ocr_line' id='line_1_1' title="bbox 253 425 940 488; baseline -0.004 -1"><span class='ocrx_word' id='word_1_1' title='bbox 253 425 317 488; x_wconf 84' lang='lat'>442</span> <span class='ocrx_word' id='word_1_2' title='bbox 731 436 940 486; x_wconf 81' lang='lat' dir='ltr'>rrcroconm</span> 
     </span>
    </p>
   </div>
   <div class='ocr_carea' id='block_1_2' title="bbox 87 595 1412 2015">
    <p class='ocr_par' dir='ltr' id='par_1_2' title="bbox 87 595 1412 1905">
     <span class='ocr_line' id='line_1_2' title="bbox 87 595 1412 685; baseline 0.005 -26"><span class='ocrx_word' id='word_1_3' title='bbox 87 621 145 660; x_wconf 68' lang='lat' dir='ltr'>an.</span> <span class='ocrx_word' id='word_1_4' title='bbox 163 611 236 661; x_wconf 78' lang='lat'>1512.</span> <span class='ocrx_word' id='word_1_5' title='bbox 251 617 335 672; x_wconf 87' lang='lat' dir='ltr'>man,</span> <span class='ocrx_word' id='word_1_6' title='bbox 344 597 473 672; x_wconf 90' lang='lat' dir='ltr'>decano,</span> <span class='ocrx_word' id='word_1_7' title='bbox 482 604 516 660; x_wconf 89' lang='lat' dir='ltr'>et</span> <span class='ocrx_word' id='word_1_8' title='bbox 526 595 669 679; x_wconf 87' lang='lat' dir='ltr'>capitulo</span> <span class='ocrx_word' id='word_1_9' title='bbox 681 595 813 660; x_wconf 89' lang='lat' dir='ltr'>ecclesie</span> <span class='ocrx_word' id='word_1_10' title='bbox 822 595 1040 678; x_wconf 84' lang='lat' dir='ltr'>Glasguensis‚</span> <span class='ocrx_word' id='word_1_11' title='bbox 1049 602 1122 680; x_wconf 86' lang='lat' dir='ltr'>post</span> <span class='ocrx_word' id='word_1_12' title='bbox 1132 617 1253 662; x_wconf 90' lang='lat' dir='ltr'>sonum</span> <span class='ocrx_word' id='word_1_13' title='bbox 1262 619 1412 685; x_wconf 85' lang='lat' dir='ltr'>campane</span> 
     </span>
     <span class='ocr_line' id='line_1_3' title="bbox 129 703 1411 801; baseline 0.005 -31"><span class='ocrx_word' id='word_1_14' title='bbox 129 703 195 714; x_wconf 82' lang='grc'>“““</span> <span class='ocrx_word' id='word_1_15' title='bbox 250 707 386 791; x_wconf 87' lang='lat' dir='ltr'>pulsate,</span> <span class='ocrx_word' id='word_1_16' title='bbox 404 707 624 792; x_wconf 79' lang='lat' dir='ltr'>capitulariter</span> <span class='ocrx_word' id='word_1_17' title='bbox 640 708 680 801; x_wconf 27' lang='lat' dir='ltr'>‘in</span> <span class='ocrx_word' id='word_1_18' title='bbox 702 706 844 791; x_wconf 88' lang='lat' dir='ltr'>capitulo</span> <span class='ocrx_word' id='word_1_19' title='bbox 863 705 1003 790; x_wconf 86' lang='lat' dir='ltr'>generali</span> <span class='ocrx_word' id='word_1_20' title='bbox 1025 713 1059 770; x_wconf 87' lang='lat' dir='ltr'>et</span> <span class='ocrx_word' id='word_1_21' title='bbox 1080 706 1327 775; x_wconf 81' lang='lat' dir='ltr'>Penthecostali</span> <span class='ocrx_word' id='word_1_22' title='bbox 1341 733 1411 776; x_wconf 90' lang='lat' dir='ltr'>con·</span> 
     </span>
     <span class='ocr_line' id='line_1_4' title="bbox 250 817 1410 906; baseline 0.006 -24"><span class='ocrx_word' id='word_1_23' title='bbox 250 819 396 904; x_wconf 83' lang='lat' dir='ltr'>gregatis,</span> <span class='ocrx_word' id='word_1_24' title='bbox 407 820 556 884; x_wconf 88' lang='lat' dir='ltr'>dominus</span> <span class='ocrx_word' id='word_1_25' title='bbox 572 820 730 883; x_wconf 86' lang='lat' dir='ltr'>Robertus</span> <span class='ocrx_word' id='word_1_26' title='bbox 746 817 851 895; x_wconf 84' lang='lat' dir='ltr'>Glerk,</span> <span class='ocrx_word' id='word_1_27' title='bbox 865 824 1031 882; x_wconf 77' lang='lat' dir='ltr'>succentor</span> <span class='ocrx_word' id='word_1_28' title='bbox 1046 819 1179 884; x_wconf 81' lang='lat' dir='ltr'>ecclesie</span> <span class='ocrx_word' id='word_1_29' title='bbox 1194 819 1410 906; x_wconf 79' lang='lat' dir='ltr'>Glosguensis</span> 
     </span>
     <span class='ocr_line' id='line_1_5' title="bbox 251 928 1411 1015; baseline 0.004 -21"><span class='ocrx_word' id='word_1_30' title='bbox 251 930 370 994; x_wconf 87' lang='lat' dir='ltr'>obtulit</span> <span class='ocrx_word' id='word_1_31' title='bbox 396 951 430 995; x_wconf 89' lang='lat' dir='ltr'>se</span> <span class='ocrx_word' id='word_1_32' title='bbox 455 938 641 1015; x_wconf 90' lang='lat' dir='ltr'>promptum</span> <span class='ocrx_word' id='word_1_33' title='bbox 668 936 702 993; x_wconf 92' lang='lat' dir='ltr'>et</span> <span class='ocrx_word' id='word_1_34' title='bbox 730 935 886 1012; x_wconf 87' lang='lat' dir='ltr'>paratum,</span> <span class='ocrx_word' id='word_1_35' title='bbox 908 928 949 992; x_wconf 92' lang='lat' dir='ltr'>ad</span> <span class='ocrx_word' id='word_1_36' title='bbox 974 928 1172 994; x_wconf 90' lang='lat' dir='ltr'>reddendum</span> <span class='ocrx_word' id='word_1_37' title='bbox 1199 932 1360 998; x_wconf 87' lang='lat' dir='ltr'>rationem</span> <span class='ocrx_word' id='word_1_38' title='bbox 1380 948 1411 998; x_wconf 88' lang='lat' dir='ltr'>et</span> 
     </span>
     <span class='ocr_line' id='line_1_6' title="bbox 251 1040 1408 1127; baseline 0.003 -21"><span class='ocrx_word' id='word_1_39' title='bbox 251 1049 438 1126; x_wconf 88' lang='lat' dir='ltr'>computum</span> <span class='ocrx_word' id='word_1_40' title='bbox 453 1042 493 1106; x_wconf 92' lang='lat' dir='ltr'>de</span> <span class='ocrx_word' id='word_1_41' title='bbox 514 1040 670 1105; x_wconf 88' lang='lat' dir='ltr'>iocalibus</span> <span class='ocrx_word' id='word_1_42' title='bbox 685 1047 719 1105; x_wconf 91' lang='lat' dir='ltr'>et</span> <span class='ocrx_word' id='word_1_43' title='bbox 733 1041 927 1104; x_wconf 88' lang='lat' dir='ltr'>ornamentis</span> <span class='ocrx_word' id='word_1_44' title='bbox 942 1047 975 1104; x_wconf 92' lang='lat' dir='ltr'>ct</span> <span class='ocrx_word' id='word_1_45' title='bbox 989 1041 1239 1125; x_wconf 86' lang='lat' dir='ltr'>pontificalibus,</span> <span class='ocrx_word' id='word_1_46' title='bbox 1254 1064 1320 1127; x_wconf 88' lang='lat' dir='ltr'>que</span> <span class='ocrx_word' id='word_1_47' title='bbox 1335 1053 1408 1109; x_wconf 88' lang='lat' dir='ltr'>tunc</span> 
     </span>
     <span class='ocr_line' id='line_1_7' title="bbox 223 1151 1408 1226; baseline 0.003 -9"><span class='ocrx_word' id='word_1_48' title='bbox 223 1196 235 1217; x_wconf 83' lang='grc'><em>,</em></span> <span class='ocrx_word' id='word_1_49' title='bbox 251 1153 286 1216; x_wconf 94' lang='lat' dir='ltr'>in</span> <span class='ocrx_word' id='word_1_50' title='bbox 301 1153 445 1218; x_wconf 88' lang='lat' dir='ltr'>custodia</span> <span class='ocrx_word' id='word_1_51' title='bbox 459 1153 581 1226; x_wconf 89' lang='lat' dir='ltr'>habuit,</span> <span class='ocrx_word' id='word_1_52' title='bbox 597 1172 739 1216; x_wconf 84' lang='lat' dir='ltr'>asserens</span> <span class='ocrx_word' id='word_1_53' title='bbox 761 1172 826 1215; x_wconf 91' lang='lat' dir='ltr'>non</span> <span class='ocrx_word' id='word_1_54' title='bbox 841 1171 910 1216; x_wconf 90' lang='lat' dir='ltr'>esse</span> <span class='ocrx_word' id='word_1_55' title='bbox 932 1152 984 1215; x_wconf 88' lang='lat' dir='ltr'>sui</span> <span class='ocrx_word' id='word_1_56' title='bbox 999 1151 1096 1216; x_wconf 89' lang='lat' dir='ltr'>officii</span> <span class='ocrx_word' id='word_1_57' title='bbox 1116 1172 1154 1216; x_wconf 91' lang='lat' dir='ltr'>ea</span> <span class='ocrx_word' id='word_1_58' title='bbox 1169 1153 1334 1220; x_wconf 84' lang='lat' dir='ltr'>custodire</span> <span class='ocrx_word' id='word_1_59' title='bbox 1354 1176 1408 1220; x_wconf 90' lang='lat' dir='ltr'>seu</span> 
     </span>
     <span class='ocr_line' id='line_1_8' title="bbox 251 1262 1408 1346; baseline 0.002 -18"><span class='ocrx_word' id='word_1_60' title='bbox 251 1265 482 1339; x_wconf 88' lang='lat' dir='ltr'>administrare,</span> <span class='ocrx_word' id='word_1_61' title='bbox 497 1284 601 1345; x_wconf 88' lang='lat' dir='ltr'>neque</span> <span class='ocrx_word' id='word_1_62' title='bbox 616 1262 700 1326; x_wconf 88' lang='lat' dir='ltr'>velle</span> <span class='ocrx_word' id='word_1_63' title='bbox 723 1283 761 1326; x_wconf 92' lang='lat' dir='ltr'>ca</span> <span class='ocrx_word' id='word_1_64' title='bbox 775 1262 888 1326; x_wconf 89' lang='lat' dir='ltr'>amodo</span> <span class='ocrx_word' id='word_1_65' title='bbox 910 1262 1087 1342; x_wconf 89' lang='lat' dir='ltr'>custodire;</span> <span class='ocrx_word' id='word_1_66' title='bbox 1108 1284 1208 1346; x_wconf 84' lang='lat' dir='ltr'>quare</span> <span class='ocrx_word' id='word_1_67' title='bbox 1223 1267 1408 1330; x_wconf 81' lang='lat' dir='ltr'>exonerauit</span> 
     </span>
     <span class='ocr_line' id='line_1_9' title="bbox 246 1373 1408 1459; baseline 0.003 -21"><span class='ocrx_word' id='word_1_68' title='bbox 246 1386 285 1439; x_wconf 87' lang='lat' dir='ltr'>&#39;se</span> <span class='ocrx_word' id='word_1_69' title='bbox 300 1375 368 1438; x_wconf 91' lang='lat' dir='ltr'>illic</span> <span class='ocrx_word' id='word_1_70' title='bbox 383 1375 422 1438; x_wconf 91' lang='lat' dir='ltr'>dc</span> <span class='ocrx_word' id='word_1_71' title='bbox 437 1374 621 1437; x_wconf 90' lang='lat' dir='ltr'>huiusmodi</span> <span class='ocrx_word' id='word_1_72' title='bbox 643 1373 775 1455; x_wconf 89' lang='lat' dir='ltr'>reliquis</span> <span class='ocrx_word' id='word_1_73' title='bbox 792 1373 947 1438; x_wconf 80' lang='lat' dir='ltr'>localibus</span> <span class='ocrx_word' id='word_1_74' title='bbox 961 1382 995 1438; x_wconf 90' lang='lat' dir='ltr'>et</span> <span class='ocrx_word' id='word_1_75' title='bbox 1009 1375 1204 1438; x_wconf 76' lang='lat' dir='ltr'>ornamentis</span> <span class='ocrx_word' id='word_1_76' title='bbox 1219 1378 1408 1459; x_wconf 86' lang='lat' dir='ltr'>pontificali-</span> 
     </span>
     <span class='ocr_line' id='line_1_10' title="bbox 250 1484 1408 1572; baseline 0.003 -24"><span class='ocrx_word' id='word_1_77' title='bbox 250 1487 329 1549; x_wconf 91' lang='lat' dir='ltr'>bus:</span> <span class='ocrx_word' id='word_1_78' title='bbox 351 1484 455 1549; x_wconf 88' lang='lat' dir='ltr'>Peciit</span> <span class='ocrx_word' id='word_1_79' title='bbox 479 1484 566 1548; x_wconf 91' lang='lat' dir='ltr'>idem</span> <span class='ocrx_word' id='word_1_80' title='bbox 591 1485 688 1548; x_wconf 83' lang='lat' dir='ltr'>Clark</span> <span class='ocrx_word' id='word_1_81' title='bbox 714 1485 946 1549; x_wconf 87' lang='lat' dir='ltr'>instrumenta:</span> <span class='ocrx_word' id='word_1_82' title='bbox 968 1486 1051 1549; x_wconf 85' lang='lat' dir='ltr'>Acta</span> <span class='ocrx_word' id='word_1_83' title='bbox 1075 1485 1111 1548; x_wconf 92' lang='lat' dir='ltr'>in</span> <span class='ocrx_word' id='word_1_84' title='bbox 1134 1485 1206 1550; x_wconf 92' lang='lat' dir='ltr'>loco</span> <span class='ocrx_word' id='word_1_85' title='bbox 1233 1488 1408 1572; x_wconf 78' lang='lat' dir='ltr'>capitulari,</span> 
     </span>
     <span class='ocr_line' id='line_1_11' title="bbox 251 1578 1409 1682; baseline 0.005 -22"><span class='ocrx_word' id='word_1_86' title='bbox 251 1596 328 1660; x_wconf 86' lang='lat' dir='ltr'>hora</span> <span class='ocrx_word' id='word_1_87' title='bbox 354 1596 448 1679; x_wconf 88' lang='lat' dir='ltr'>quasi</span> <span class='ocrx_word' id='word_1_88' title='bbox 473 1596 508 1659; x_wconf 83' lang='lat' dir='ltr'>ix</span> <span class='ocrx_word' id='word_1_89' title='bbox 530 1601 604 1659; x_wconf 90' lang='lat' dir='ltr'>ante</span> <span class='ocrx_word' id='word_1_90' title='bbox 627 1596 801 1672; x_wconf 84' lang='lat' dir='ltr'>meridiem,</span> <span class='ocrx_word' id='word_1_91' title='bbox 823 1596 877 1660; x_wconf 85' lang='lat' dir='ltr'>vel</span> <span class='ocrx_word' id='word_1_92' title='bbox 899 1597 999 1674; x_wconf 91' lang='lat' dir='ltr'>circa;</span> <span class='ocrx_word' id='word_1_93' title='bbox 1021 1597 1167 1673; x_wconf 86' lang='lat' dir='ltr'>testibus,</span> <span class='ocrx_word' id='word_1_94' title='bbox 1189 1578 1357 1682; x_wconf 81' lang='lat' dir='ltr'>llagistris</span> <span class='ocrx_word' id='word_1_95' title='bbox 1377 1609 1409 1666; x_wconf 88' lang='lat' dir='ltr'>et</span> 
     </span>
     <span class='ocr_line' id='line_1_12' title="bbox 251 1707 1408 1786; baseline 0.003 -14"><span class='ocrx_word' id='word_1_96' title='bbox 251 1708 389 1772; x_wconf 89' lang='lat' dir='ltr'>dominis</span> <span class='ocrx_word' id='word_1_97' title='bbox 412 1708 554 1771; x_wconf 87' lang='lat' dir='ltr'>Martino</span> <span class='ocrx_word' id='word_1_98' title='bbox 576 1707 672 1784; x_wconf 84' lang='lat' dir='ltr'>Reda,</span> <span class='ocrx_word' id='word_1_99' title='bbox 695 1707 890 1784; x_wconf 88' lang='lat' dir='ltr'>cancellario,</span> <span class='ocrx_word' id='word_1_100' title='bbox 905 1707 1050 1772; x_wconf 88' lang='lat' dir='ltr'>Rolando</span> <span class='ocrx_word' id='word_1_101' title='bbox 1072 1707 1234 1786; x_wconf 85' lang='lat' dir='ltr'>Blacader,</span> <span class='ocrx_word' id='word_1_102' title='bbox 1251 1711 1408 1776; x_wconf 85' lang='lat' dir='ltr'>Richardo</span> 
     </span>
     <span class='ocr_line' id='line_1_13' title="bbox 252 1819 1408 1905; baseline 0.003 -20"><span class='ocrx_word' id='word_1_103' title='bbox 252 1821 419 1898; x_wconf 86' lang='lat' dir='ltr'>Bothwell,</span> <span class='ocrx_word' id='word_1_104' title='bbox 435 1821 572 1905; x_wconf 84' lang='lat' dir='ltr'>Roberto</span> <span class='ocrx_word' id='word_1_105' title='bbox 595 1819 757 1896; x_wconf 90' lang='lat' dir='ltr'>Blacader,</span> <span class='ocrx_word' id='word_1_106' title='bbox 777 1819 933 1883; x_wconf 90' lang='lat' dir='ltr'>Nicholac</span> <span class='ocrx_word' id='word_1_107' title='bbox 955 1819 1137 1904; x_wconf 82' lang='lat' dir='ltr'>Grcynlaw,</span> <span class='ocrx_word' id='word_1_108' title='bbox 1152 1820 1293 1886; x_wconf 86' lang='lat' dir='ltr'>Roberto</span> <span class='ocrx_word' id='word_1_109' title='bbox 1316 1824 1408 1888; x_wconf 78' lang='lat' dir='ltr'>Max·</span> 
     </span>
    </p>

    <p class='ocr_par' dir='ltr' id='par_1_3' title="bbox 253 1931 935 2015">
     <span class='ocr_line' id='line_1_14' title="bbox 253 1931 935 2015; baseline -0.004 -20"><span class='ocrx_word' id='word_1_110' title='bbox 253 1933 335 2010; x_wconf 90' lang='lat' dir='ltr'>well,</span> <span class='ocrx_word' id='word_1_111' title='bbox 350 1933 511 1997; x_wconf 89' lang='lat' dir='ltr'>canonicis</span> <span class='ocrx_word' id='word_1_112' title='bbox 526 1932 657 1997; x_wconf 88' lang='lat' dir='ltr'>ecclesie</span> <span class='ocrx_word' id='word_1_113' title='bbox 673 1931 887 2015; x_wconf 85' lang='lat' dir='ltr'>Glasguensis.</span> <span class='ocrx_word' id='word_1_114' title='bbox 929 1950 935 1960; x_wconf 94' lang='lat'><strong>·</strong></span> 
     </span>
    </p>
   </div>
   <div class='ocr_carea' id='block_1_3' title="bbox 704 2207 958 2275">
    <p class='ocr_par' dir='ltr' id='par_1_4' title="bbox 704 2207 958 2275">
     <span class='ocr_line' id='line_1_15' title="bbox 704 2207 958 2275; baseline -0.004 -4"><span class='ocrx_word' id='word_1_115' title='bbox 704 2207 775 2275; x_wconf 82' lang='lat'>575.</span> <span class='ocrx_word' id='word_1_116' title='bbox 799 2208 958 2271; x_wconf 83' lang='lat' dir='ltr'>Boscrnn.</span> 
     </span>
    </p>
   </div>
   <div class='ocr_carea' id='block_1_4' title="bbox 250 2380 1410 4016">
    <p class='ocr_par' dir='ltr' id='par_1_5' title="bbox 250 2380 1410 4016">
     <span class='ocr_line' id='line_1_16' title="bbox 296 2380 1409 2464; baseline 0.003 -20"><span class='ocrx_word' id='word_1_117' title='bbox 296 2381 358 2444; x_wconf 92' lang='lat' dir='ltr'>Die</span> <span class='ocrx_word' id='word_1_118' title='bbox 381 2382 521 2456; x_wconf 87' lang='lat' dir='ltr'>Sabbati,</span> <span class='ocrx_word' id='word_1_119' title='bbox 536 2382 579 2464; x_wconf 89' lang='lat' dir='ltr'>xij</span> <span class='ocrx_word' id='word_1_120' title='bbox 597 2381 620 2445; x_wconf 83' lang='lat' dir='ltr'>,J</span> <span class='ocrx_word' id='word_1_121' title='bbox 622 2381 699 2457; x_wconf 91' lang='lat' dir='ltr'>unii,</span> <span class='ocrx_word' id='word_1_122' title='bbox 715 2401 799 2444; x_wconf 92' lang='lat' dir='ltr'>anno</span> <span class='ocrx_word' id='word_1_123' title='bbox 817 2380 1072 2464; x_wconf 84' lang='lat' dir='ltr'>quingentesimo</span> <span class='ocrx_word' id='word_1_124' title='bbox 1095 2381 1150 2463; x_wconf 88' lang='lat' dir='ltr'>xij,</span> <span class='ocrx_word' id='word_1_125' title='bbox 1165 2380 1343 2447; x_wconf 87' lang='lat' dir='ltr'>indictione</span> <span class='ocrx_word' id='word_1_126' title='bbox 1357 2402 1409 2455; x_wconf 84' lang='lat' dir='ltr'>xv,</span> 
     </span>
     <span class='ocr_line' id='line_1_17' title="bbox 252 2490 1410 2593; baseline 0.003 -38"><span class='ocrx_word' id='word_1_127' title='bbox 252 2492 457 2575; x_wconf 88' lang='lat' dir='ltr'>pontificatus</span> <span class='ocrx_word' id='word_1_128' title='bbox 472 2490 556 2556; x_wconf 85' lang='lat' dir='ltr'>Julii</span> <span class='ocrx_word' id='word_1_129' title='bbox 579 2490 622 2554; x_wconf 64' lang='lat'>2⁶¹</span> <span class='ocrx_word' id='word_1_130' title='bbox 644 2513 728 2554; x_wconf 90' lang='lat' dir='ltr'>anno</span> <span class='ocrx_word' id='word_1_131' title='bbox 750 2493 792 2568; x_wconf 85' lang='lat' dir='ltr'>ix,</span> <span class='ocrx_word' id='word_1_132' title='bbox 808 2499 840 2556; x_wconf 95' lang='lat' dir='ltr'>et</span> <span class='ocrx_word' id='word_1_133' title='bbox 862 2492 951 2576; x_wconf 87' lang='lat' dir='ltr'>regni</span> <span class='ocrx_word' id='word_1_134' title='bbox 973 2491 1076 2593; x_wconf 66' lang='lat' dir='ltr'>xpriiij,</span> <span class='ocrx_word' id='word_1_135' title='bbox 1090 2493 1125 2555; x_wconf 91' lang='lat' dir='ltr'>in</span> <span class='ocrx_word' id='word_1_136' title='bbox 1139 2492 1209 2557; x_wconf 94' lang='lat' dir='ltr'>loco</span> <span class='ocrx_word' id='word_1_137' title='bbox 1231 2495 1410 2577; x_wconf 80' lang='lat' dir='ltr'>capitulari,</span> 
     </span>
     <span class='ocr_line' id='line_1_18' title="bbox 251 2601 1410 2688; baseline 0.003 -23"><span class='ocrx_word' id='word_1_138' title='bbox 251 2603 329 2665; x_wconf 88' lang='lat' dir='ltr'>hora</span> <span class='ocrx_word' id='word_1_139' title='bbox 354 2601 447 2684; x_wconf 88' lang='lat' dir='ltr'>quasi</span> <span class='ocrx_word' id='word_1_140' title='bbox 472 2623 495 2663; x_wconf 85' lang='lat' dir='ltr'>x</span> <span class='ocrx_word' id='word_1_141' title='bbox 521 2608 595 2664; x_wconf 90' lang='lat' dir='ltr'>ante</span> <span class='ocrx_word' id='word_1_142' title='bbox 621 2602 796 2677; x_wconf 88' lang='lat' dir='ltr'>meridiem,</span> <span class='ocrx_word' id='word_1_143' title='bbox 819 2602 871 2666; x_wconf 87' lang='lat' dir='ltr'>vel</span> <span class='ocrx_word' id='word_1_144' title='bbox 897 2604 997 2682; x_wconf 91' lang='lat' dir='ltr'>circa;</span> <span class='ocrx_word' id='word_1_145' title='bbox 1019 2603 1164 2680; x_wconf 84' lang='lat' dir='ltr'>testibus,</span> <span class='ocrx_word' id='word_1_146' title='bbox 1187 2604 1353 2688; x_wconf 83' lang='lat' dir='ltr'>Magistris</span> <span class='ocrx_word' id='word_1_147' title='bbox 1377 2613 1410 2671; x_wconf 93' lang='lat' dir='ltr'>et</span> 
     </span>
     <span class='ocr_line' id='line_1_19' title="bbox 252 2711 1410 2798; baseline 0.005 -22"><span class='ocrx_word' id='word_1_148' title='bbox 252 2712 390 2776; x_wconf 89' lang='lat' dir='ltr'>dominis</span> <span class='ocrx_word' id='word_1_149' title='bbox 417 2712 558 2774; x_wconf 87' lang='lat' dir='ltr'>Martino</span> <span class='ocrx_word' id='word_1_150' title='bbox 582 2711 678 2788; x_wconf 80' lang='lat' dir='ltr'>Reda,</span> <span class='ocrx_word' id='word_1_151' title='bbox 701 2712 822 2776; x_wconf 81' lang='lat' dir='ltr'>Jacobo</span> <span class='ocrx_word' id='word_1_152' title='bbox 844 2713 995 2789; x_wconf 87' lang='lat' dir='ltr'>Steward,</span> <span class='ocrx_word' id='word_1_153' title='bbox 1018 2714 1155 2778; x_wconf 85' lang='lat' dir='ltr'>Patricio</span> <span class='ocrx_word' id='word_1_154' title='bbox 1181 2715 1410 2798; x_wconf 88' lang='lat' dir='ltr'>Elphinstoun,</span> 
     </span>
     <span class='ocr_line' id='line_1_20' title="bbox 252 2822 1409 2906; baseline 0.004 -18"><span class='ocrx_word' id='word_1_155' title='bbox 252 2824 390 2888; x_wconf 89' lang='lat' dir='ltr'>Patricio</span> <span class='ocrx_word' id='word_1_156' title='bbox 406 2822 555 2899; x_wconf 86' lang='lat' dir='ltr'>Graham,</span> <span class='ocrx_word' id='word_1_157' title='bbox 571 2822 706 2906; x_wconf 84' lang='lat' dir='ltr'>Georgio</span> <span class='ocrx_word' id='word_1_158' title='bbox 729 2824 805 2899; x_wconf 92' lang='lat' dir='ltr'>Ker,</span> <span class='ocrx_word' id='word_1_159' title='bbox 822 2824 961 2887; x_wconf 87' lang='lat' dir='ltr'>Roberto</span> <span class='ocrx_word' id='word_1_160' title='bbox 979 2825 1132 2901; x_wconf 84' lang='lat' dir='ltr'>Fawside,</span> <span class='ocrx_word' id='word_1_161' title='bbox 1148 2827 1286 2891; x_wconf 85' lang='lat' dir='ltr'>Roberto</span> <span class='ocrx_word' id='word_1_162' title='bbox 1303 2829 1409 2906; x_wconf 82' lang='lat' dir='ltr'>Clark,</span> 
     </span>
     <span class='ocr_line' id='line_1_21' title="bbox 252 2935 1409 3020; baseline 0.003 -19"><span class='ocrx_word' id='word_1_163' title='bbox 252 2937 412 3002; x_wconf 88' lang='lat' dir='ltr'>canonicis</span> <span class='ocrx_word' id='word_1_164' title='bbox 435 2935 696 3020; x_wconf 84' lang='lat' dir='ltr'>Glasguensibus,</span> <span class='ocrx_word' id='word_1_165' title='bbox 719 2935 819 2998; x_wconf 89' lang='lat' dir='ltr'>maior</span> <span class='ocrx_word' id='word_1_166' title='bbox 840 2955 913 3017; x_wconf 87' lang='lat' dir='ltr'>pars</span> <span class='ocrx_word' id='word_1_167' title='bbox 936 2945 969 2999; x_wconf 90' lang='lat' dir='ltr'>et</span> <span class='ocrx_word' id='word_1_168' title='bbox 991 2936 1096 2999; x_wconf 89' lang='lat' dir='ltr'>sanior</span> <span class='ocrx_word' id='word_1_169' title='bbox 1119 2957 1191 3019; x_wconf 88' lang='lat' dir='ltr'>pars</span> <span class='ocrx_word' id='word_1_170' title='bbox 1216 2938 1409 3004; x_wconf 85' lang='lat' dir='ltr'>vicariorum</span> 
     </span>
     <span class='ocr_line' id='line_1_22' title="bbox 252 3047 1409 3133; baseline 0.002 -20"><span class='ocrx_word' id='word_1_171' title='bbox 252 3050 340 3114; x_wconf 92' lang='lat' dir='ltr'>chori</span> <span class='ocrx_word' id='word_1_172' title='bbox 362 3048 579 3133; x_wconf 81' lang='lat' dir='ltr'>Glasguensis,</span> <span class='ocrx_word' id='word_1_173' title='bbox 594 3047 629 3110; x_wconf 91' lang='lat' dir='ltr'>iu</span> <span class='ocrx_word' id='word_1_174' title='bbox 644 3047 784 3131; x_wconf 87' lang='lat' dir='ltr'>capitulo</span> <span class='ocrx_word' id='word_1_175' title='bbox 800 3053 878 3110; x_wconf 88' lang='lat' dir='ltr'>tunc</span> <span class='ocrx_word' id='word_1_176' title='bbox 893 3047 1077 3123; x_wconf 69' lang='lat' dir='ltr'>existentes</span> <span class='ocrx_word' id='word_1_177' title='bbox 1092 3049 1288 3113; x_wconf 69' lang='lat' dir='ltr'>inanimiter</span> <span class='ocrx_word' id='word_1_178' title='bbox 1302 3071 1409 3115; x_wconf 86' lang='lat' dir='ltr'>coram</span> 
     </span>
     <span class='ocr_line' id='line_1_23' title="bbox 251 3158 1410 3246; baseline 0 -22"><span class='ocrx_word' id='word_1_179' title='bbox 251 3161 431 3244; x_wconf 88' lang='lat' dir='ltr'>presidente</span> <span class='ocrx_word' id='word_1_180' title='bbox 447 3168 479 3224; x_wconf 92' lang='lat' dir='ltr'>ct</span> <span class='ocrx_word' id='word_1_181' title='bbox 495 3159 643 3244; x_wconf 87' lang='lat' dir='ltr'>capitulo,</span> <span class='ocrx_word' id='word_1_182' title='bbox 657 3167 729 3243; x_wconf 88' lang='lat' dir='ltr'>post</span> <span class='ocrx_word' id='word_1_183' title='bbox 750 3178 864 3222; x_wconf 90' lang='lat' dir='ltr'>sonum</span> <span class='ocrx_word' id='word_1_184' title='bbox 879 3178 1032 3240; x_wconf 88' lang='lat' dir='ltr'>campane</span> <span class='ocrx_word' id='word_1_185' title='bbox 1048 3158 1264 3241; x_wconf 88' lang='lat' dir='ltr'>capitulariter</span> <span class='ocrx_word' id='word_1_186' title='bbox 1279 3181 1410 3246; x_wconf 85' lang='lat' dir='ltr'>congre·</span> 
     </span>
     <span class='ocr_line' id='line_1_24' title="bbox 251 3269 1409 3355; baseline 0.003 -21"><span class='ocrx_word' id='word_1_187' title='bbox 251 3273 325 3355; x_wconf 81' lang='lat' dir='ltr'>gati,</span> <span class='ocrx_word' id='word_1_188' title='bbox 352 3272 489 3336; x_wconf 85' lang='lat' dir='ltr'>confessi</span> <span class='ocrx_word' id='word_1_189' title='bbox 515 3280 591 3334; x_wconf 91' lang='lat' dir='ltr'>sunt</span> <span class='ocrx_word' id='word_1_190' title='bbox 614 3291 647 3334; x_wconf 91' lang='lat' dir='ltr'>se</span> <span class='ocrx_word' id='word_1_191' title='bbox 670 3269 749 3333; x_wconf 88' lang='lat' dir='ltr'>alias</span> <span class='ocrx_word' id='word_1_192' title='bbox 775 3277 808 3334; x_wconf 92' lang='lat' dir='ltr'>et</span> <span class='ocrx_word' id='word_1_193' title='bbox 829 3269 975 3352; x_wconf 85' lang='lat' dir='ltr'>perprius</span> <span class='ocrx_word' id='word_1_194' title='bbox 1000 3270 1197 3334; x_wconf 87' lang='lat' dir='ltr'>consensisse</span> <span class='ocrx_word' id='word_1_195' title='bbox 1223 3277 1256 3334; x_wconf 90' lang='lat' dir='ltr'>et</span> <span class='ocrx_word' id='word_1_196' title='bbox 1283 3272 1409 3338; x_wconf 86' lang='lat' dir='ltr'>dedisse</span> 
     </span>
     <span class='ocr_line' id='line_1_25' title="bbox 251 3380 1409 3466; baseline 0.003 -20"><span class='ocrx_word' id='word_1_197' title='bbox 251 3384 438 3446; x_wconf 88' lang='lat' dir='ltr'>mandatum</span> <span class='ocrx_word' id='word_1_198' title='bbox 475 3383 630 3466; x_wconf 85' lang='lat' dir='ltr'>Magistro</span> <span class='ocrx_word' id='word_1_199' title='bbox 667 3382 804 3445; x_wconf 87' lang='lat' dir='ltr'>Roberto</span> <span class='ocrx_word' id='word_1_200' title='bbox 835 3380 981 3456; x_wconf 83' lang='lat' dir='ltr'>Boswcll,</span> <span class='ocrx_word' id='word_1_201' title='bbox 1013 3381 1054 3443; x_wconf 90' lang='lat' dir='ltr'>ad</span> <span class='ocrx_word' id='word_1_202' title='bbox 1084 3381 1276 3464; x_wconf 88' lang='lat' dir='ltr'>capiendum</span> <span class='ocrx_word' id='word_1_203' title='bbox 1306 3394 1409 3449; x_wconf 87' lang='lat' dir='ltr'>certos</span> 
     </span>
     <span class='ocr_line' id='line_1_26' title="bbox 251 3491 1407 3577; baseline 0.004 -22"><span class='ocrx_word' id='word_1_204' title='bbox 251 3491 374 3575; x_wconf 88' lang='lat' dir='ltr'>lapides</span> <span class='ocrx_word' id='word_1_205' title='bbox 396 3503 429 3558; x_wconf 92' lang='lat' dir='ltr'>et</span> <span class='ocrx_word' id='word_1_206' title='bbox 451 3494 538 3577; x_wconf 84' lang='lat' dir='ltr'>ligna</span> <span class='ocrx_word' id='word_1_207' title='bbox 560 3502 592 3556; x_wconf 93' lang='lat' dir='ltr'>et</span> <span class='ocrx_word' id='word_1_208' title='bbox 615 3493 711 3575; x_wconf 82' lang='lat' dir='ltr'>tigna,</span> <span class='ocrx_word' id='word_1_209' title='bbox 731 3493 928 3574; x_wconf 87' lang='lat' dir='ltr'>pertinentes</span> <span class='ocrx_word' id='word_1_210' title='bbox 951 3492 1029 3574; x_wconf 90' lang='lat' dir='ltr'>ipsis</span> <span class='ocrx_word' id='word_1_211' title='bbox 1052 3492 1188 3568; x_wconf 89' lang='lat' dir='ltr'>vicariis,</span> <span class='ocrx_word' id='word_1_212' title='bbox 1204 3492 1244 3556; x_wconf 91' lang='lat' dir='ltr'>de</span> <span class='ocrx_word' id='word_1_213' title='bbox 1267 3496 1407 3576; x_wconf 83' lang='lat' dir='ltr'>quodam</span> 
     </span>
     <span class='ocr_line' id='line_1_27' title="bbox 250 3602 1408 3686; baseline 0.006 -21"><span class='ocrx_word' id='word_1_214' title='bbox 250 3611 432 3667; x_wconf 87' lang='lat' dir='ltr'>tenemento</span> <span class='ocrx_word' id='word_1_215' title='bbox 448 3624 513 3679; x_wconf 88' lang='lat' dir='ltr'>suo,</span> <span class='ocrx_word' id='word_1_216' title='bbox 529 3611 561 3667; x_wconf 92' lang='lat' dir='ltr'>et</span> <span class='ocrx_word' id='word_1_217' title='bbox 576 3602 803 3686; x_wconf 89' lang='lat' dir='ltr'>applicandum</span> <span class='ocrx_word' id='word_1_218' title='bbox 818 3602 942 3666; x_wconf 83' lang='lat' dir='ltr'>edificio</span> <span class='ocrx_word' id='word_1_219' title='bbox 962 3623 1028 3679; x_wconf 87' lang='lat' dir='ltr'>suo,</span> <span class='ocrx_word' id='word_1_220' title='bbox 1044 3603 1129 3685; x_wconf 90' lang='lat' dir='ltr'>quod</span> <span class='ocrx_word' id='word_1_221' title='bbox 1144 3604 1258 3667; x_wconf 88' lang='lat' dir='ltr'>habuit</span> <span class='ocrx_word' id='word_1_222' title='bbox 1273 3605 1307 3668; x_wconf 93' lang='lat' dir='ltr'>in</span> <span class='ocrx_word' id='word_1_223' title='bbox 1323 3608 1408 3672; x_wconf 83' lang='lat' dir='ltr'>feodi</span> 
     </span>
     <span class='ocr_line' id='line_1_28' title="bbox 250 3713 1409 3796; baseline 0.006 -20"><span class='ocrx_word' id='word_1_224' title='bbox 250 3713 471 3776; x_wconf 82' lang='lat' dir='ltr'>firmandictis</span> <span class='ocrx_word' id='word_1_225' title='bbox 480 3713 663 3791; x_wconf 83' lang='lat' dir='ltr'>vicariis3et</span> <span class='ocrx_word' id='word_1_226' title='bbox 672 3714 731 3777; x_wconf 92' lang='lat' dir='ltr'>hoc</span> <span class='ocrx_word' id='word_1_227' title='bbox 741 3734 797 3796; x_wconf 92' lang='lat' dir='ltr'>pro</span> <span class='ocrx_word' id='word_1_228' title='bbox 805 3714 907 3796; x_wconf 88' lang='lat' dir='ltr'>pretio</span> <span class='ocrx_word' id='word_1_229' title='bbox 916 3715 1110 3796; x_wconf 89' lang='lat' dir='ltr'>competenti</span> <span class='ocrx_word' id='word_1_230' title='bbox 1120 3715 1314 3778; x_wconf 88' lang='lat' dir='ltr'>nominando</span> <span class='ocrx_word' id='word_1_231' title='bbox 1324 3717 1409 3783; x_wconf 88' lang='lat' dir='ltr'>inter</span> 
     </span>
     <span class='ocr_line' id='line_1_29' title="bbox 250 3823 1408 3907; baseline 0.005 -19"><span class='ocrx_word' id='word_1_232' title='bbox 250 3825 355 3907; x_wconf 91' lang='lat' dir='ltr'>ipsum</span> <span class='ocrx_word' id='word_1_233' title='bbox 365 3832 398 3887; x_wconf 90' lang='lat' dir='ltr'>et</span> <span class='ocrx_word' id='word_1_234' title='bbox 407 3823 509 3887; x_wconf 88' lang='lat' dir='ltr'>dictos</span> <span class='ocrx_word' id='word_1_235' title='bbox 517 3825 663 3889; x_wconf 86' lang='lat' dir='ltr'>vicarios:</span> <span class='ocrx_word' id='word_1_236' title='bbox 680 3824 783 3889; x_wconf 89' lang='lat' dir='ltr'>Peciit</span> <span class='ocrx_word' id='word_1_237' title='bbox 791 3824 876 3888; x_wconf 91' lang='lat' dir='ltr'>idem</span> <span class='ocrx_word' id='word_1_238' title='bbox 886 3825 1025 3888; x_wconf 88' lang='lat' dir='ltr'>Boswell</span> <span class='ocrx_word' id='word_1_239' title='bbox 1034 3826 1259 3890; x_wconf 87' lang='lat' dir='ltr'>instrumenta:</span> <span class='ocrx_word' id='word_1_240' title='bbox 1275 3829 1359 3893; x_wconf 85' lang='lat' dir='ltr'>Acta</span> <span class='ocrx_word' id='word_1_241' title='bbox 1370 3838 1408 3894; x_wconf 84' lang='lat' dir='ltr'>vt</span> 
     </span>
     <span class='ocr_line' id='line_1_30' title="bbox 250 3935 468 4016; baseline -0.014 -16"><span class='ocrx_word' id='word_1_242' title='bbox 250 3945 282 4000; x_wconf 89' lang='lat' dir='ltr'>et</span> <span class='ocrx_word' id='word_1_243' title='bbox 296 3935 352 3998; x_wconf 85' lang='lat' dir='ltr'>vbi</span> <span class='ocrx_word' id='word_1_244' title='bbox 367 3955 468 4016; x_wconf 87' lang='lat' dir='ltr'>supra.</span> 
     </span>
    </p>
   </div>
   <div class='ocr_carea' id='block_1_5' title="bbox 562 4096 1095 4162">
    <p class='ocr_par' dir='ltr' id='par_1_6' title="bbox 562 4096 1095 4162">
     <span class='ocr_line' id='line_1_31' title="bbox 562 4096 1095 4162; baseline 0.008 -5"><span class='ocrx_word' id='word_1_245' title='bbox 562 4096 634 4162; x_wconf 81' lang='lat'>576.</span> <span class='ocrx_word' id='word_1_246' title='bbox 659 4098 877 4160; x_wconf 78' lang='lat' dir='ltr'>Kar-Auno</span> <span class='ocrx_word' id='word_1_247' title='bbox 901 4097 1095 4161; x_wconf 82' lang='lat' dir='ltr'>chnuncu.</span> 
     </span>
    </p>
   </div>
   <div class='ocr_carea' id='block_1_6' title="bbox 248 4266 1403 4467">
    <p class='ocr_par' dir='ltr' id='par_1_7' title="bbox 248 4266 1403 4467">
     <span class='ocr_line' id='line_1_32' title="bbox 292 4266 1403 4355; baseline 0.004 -19"><span class='ocrx_word' id='word_1_248' title='bbox 292 4271 423 4337; x_wconf 86' lang='lat' dir='ltr'>Eisdem</span> <span class='ocrx_word' id='word_1_249' title='bbox 437 4291 493 4355; x_wconf 89' lang='lat' dir='ltr'>per</span> <span class='ocrx_word' id='word_1_250' title='bbox 508 4266 639 4334; x_wconf 63' lang='lat' dir='ltr'>omnia?</span> <span class='ocrx_word' id='word_1_251' title='bbox 651 4269 779 4333; x_wconf 85' lang='lat' dir='ltr'>Presata</span> <span class='ocrx_word' id='word_1_252' title='bbox 793 4269 894 4332; x_wconf 89' lang='lat' dir='ltr'>maior</span> <span class='ocrx_word' id='word_1_253' title='bbox 909 4278 941 4333; x_wconf 93' lang='lat' dir='ltr'>et</span> <span class='ocrx_word' id='word_1_254' title='bbox 956 4271 1062 4334; x_wconf 89' lang='lat' dir='ltr'>sanior</span> <span class='ocrx_word' id='word_1_255' title='bbox 1073 4292 1146 4355; x_wconf 87' lang='lat' dir='ltr'>pars</span> <span class='ocrx_word' id='word_1_256' title='bbox 1158 4274 1357 4353; x_wconf 88' lang='lat' dir='ltr'>vicariorum,</span> <span class='ocrx_word' id='word_1_257' title='bbox 1369 4277 1403 4340; x_wconf 91' lang='lat' dir='ltr'>in</span> 
     </span>
     <span class='ocr_line' id='line_1_33' title="bbox 248 4381 1403 4467; baseline 0.004 -21"><span class='ocrx_word' id='word_1_258' title='bbox 248 4383 333 4448; x_wconf 88' lang='lat' dir='ltr'>dicto</span> <span class='ocrx_word' id='word_1_259' title='bbox 355 4381 624 4467; x_wconf 87' lang='lat' dir='ltr'>capitu10,coram</span> <span class='ocrx_word' id='word_1_260' title='bbox 645 4381 825 4465; x_wconf 86' lang='lat' dir='ltr'>presidente</span> <span class='ocrx_word' id='word_1_261' title='bbox 847 4386 881 4444; x_wconf 87' lang='lat' dir='ltr'>et</span> <span class='ocrx_word' id='word_1_262' title='bbox 903 4381 1043 4464; x_wconf 90' lang='lat' dir='ltr'>capitulo</span> <span class='ocrx_word' id='word_1_263' title='bbox 1066 4383 1262 4450; x_wconf 83' lang='lat' dir='ltr'>vnanimiter</span> <span class='ocrx_word' id='word_1_264' title='bbox 1276 4386 1403 4452; x_wconf 88' lang='lat' dir='ltr'>asseda-</span> 
     </span>
    </p>
   </div>
   <div class='ocr_carea' id='block_1_7' title="bbox 0 0 1502 4936">
    <p class='ocr_par' dir='ltr' id='par_1_8' title="bbox 0 0 1502 4936">
     <span class='ocr_line' id='line_1_34' title="bbox 0 0 1502 4936; baseline 0 0"><span class='ocrx_word' id='word_1_265' title='bbox 0 0 1502 4936; x_wconf 95' lang='lat' dir='ltr'> </span> 
     </span>
    </p>
   </div>
  </div>
 </body>
</html>
