2994 4936
253 417 316 481 396
728 428 935 477 rnoroconm

85 616 145 654 nn.
162 604 235 653 1510.
250 589 358 653 ficium
397 587 660 664 ecclesiasticum,
700 585 799 651 etiam
835 585 865 651 si
900 604 1010 650 curem
1056 584 1179 651 habeat
1228 587 1412 661 animarum.

130 696 196 707 ““““
250 700 394 764 obtinere
408 700 530 784 possit:
551 700 598 762 ita
613 697 706 781 quod,
722 698 751 762 si
765 698 872 781 ipsum
893 697 1117 781 dispensatum
1140 698 1281 783 aliquod
1302 699 1412 765 benefi-

250 811 338 875 cium
367 817 515 875 curatum
544 810 687 874 obtinere
716 809 894 893 contigerit,
923 829 958 874 so
991 809 1089 873 faciat
1123 811 1265 875 statutis
1298 832 1319 876 a
1351 812 1413 875 iure

250 923 448 1008 temporibus
474 923 515 987 ad
544 922 673 986 ordines
702 920 892 1005 promoueri,
918 927 952 983 et
976 918 1191 1003 personaliter
1217 922 1362 988 resideat
1382 922 1413 985 in

251 1034 372 1111 eodem,
395 1033 539 1117 alioquin
561 1033 646 1098 dicte
670 1031 918 1116 dispensationis
940 1029 1047 1114 gracia
1067 1050 1133 1113 quo
1156 1031 1199 1094 ad
1222 1033 1413 1098 beneficium

249 1145 357 1229 ipsum
371 1145 493 1209 nullius
508 1145 637 1228 penitus
649 1145 692 1208 sit
706 1143 881 1208 momenti:
903 1141 1006 1207 Peciit
1020 1141 1107 1206 idern
1118 1142 1286 1230 Tyndyng
1299 1146 1413 1209 instru-

250 1263 379 1320 menta:
399 1257 485 1319 Acta
506 1256 542 1319 in
564 1255 633 1320 loco
657 1255 825 1338 capitulari
851 1253 1051 1338 Glasguensi,
1072 1252 1151 1317 hora
1174 1255 1274 1338 quasi
1294 1256 1415 1321 decimo

249 1366 303 1430 vel
332 1367 415 1430 circa
444 1373 518 1430 ante
547 1366 731 1445 meridiem3
768 1366 915 1442 testibus,
944 1364 1109 1448 Magistris
1138 1364 1290 1432 Martino
1319 1367 1413 1443 Rode,

249 1476 398 1541 Johanne
421 1476 570 1559 Sprewle,
594 1477 704 1539 Dauid
728 1477 896 1555 Murhede,
919 1475 1068 1540 dominus
1092 1475 1218 1541 Jacobo
1242 1477 1361 1555 Cottia,
1381 1484 1413 1542 et

250 1588 371 1652 Thoma
394 1588 559 1664 Sibbauld,
585 1588 787 1672 presbiteris;
820 1595 854 1652 et
879 1588 966 1653 idem
989 1588 1196 1671 dispensatus
1225 1596 1279 1655 est
1308 1592 1359 1655 4¹⁸
1379 1590 1412 1655 iu

249 1699 360 1764 ordine
375 1699 639 1783 dispensatorum

503 1977 574 2040 512.
598 1975 883 2040 Anomnrrscoros
906 1975 1144 2039 Gmssorusrs.

291 2150 423 2215 Eisdem
447 2170 504 2234 per
526 2149 652 2233 omnia:
675 2149 767 2212 Idem
792 2148 1077 2213 reuerendissimus
1099 2153 1192 2231 pater
1212 2153 1411 2232 protestatus

248 2267 298 2325 est
327 2262 502 2326 solenniter
533 2260 573 2324 de
600 2281 665 2324 non
690 2260 831 2324 cedendo
857 2260 921 2323 sibi
945 2260 981 2322 in
1006 2258 1219 2342 preiudicium
1245 2281 1355 2345 neque
1377 2262 1410 2325 in

247 2372 425 2455 dampnum
439 2380 496 2435 aut
511 2372 689 2455 periculum
704 2372 811 2437 anime
826 2392 891 2450 sue,
907 2371 993 2454 quod
1007 2371 1209 2453 dispensauit
1231 2392 1307 2436 cum
1324 2372 1410 2438 dicto

246 2482 404 2565 Tynding,
419 2483 526 2565 vigore
548 2482 733 2547 huiusmodi
755 2483 962 2559 comissionis,
977 2502 1011 2546 se
1033 2483 1141 2545 minus
1163 2503 1221 2546 sex
1241 2484 1410 2562 scolarum,

246 2598 470 2657 contentorum
498 2592 533 2654 in
563 2593 650 2656 dicto
680 2594 913 2670 commissione,
943 2594 986 2658 sit
1016 2593 1110 2656 aliter
1139 2593 1350 2677 dispensatus
1379 2604 1411 2662 et

245 2722 403 2778 excessus,
414 2701 470 2766 sed
481 2701 586 2765 solum
597 2702 789 2785 dispensato,
801 2712 834 2768 et
848 2705 905 2787 qui
921 2704 1107 2789 impetrauit
1121 2704 1397 2788 dispensationem
1402 2732 1411 2788 ;

247 2821 280 2879 et
298 2814 396 2897 peciit
418 2814 504 2877 idern
526 2813 812 2877 reuerendissimus
833 2835 929 2898 super
948 2817 1008 2880 hoc
1031 2816 1304 2883 instrumentum:
1324 2820 1412 2885 Acta

249 2932 340 2992 erant
354 2926 414 2992 hec
429 2947 513 2990 anno
528 2928 563 2990 2ο
578 2925 824 2990 consecrationis
840 2925 920 2990 dieti
935 2927 1172 3011 archiepiscopi

680 3204 750 3267 513.
774 3203 957 3267 Srnnnour.

289 3378 353 3444 Die
376 3379 475 3455 Luna,
501 3378 567 3460 xvij
594 3378 717 3454 Marcii,
742 3398 834 3454 anno,
853 3377 1037 3455 indictione,
1052 3374 1261 3460 'pontificatu
1287 3380 1408 3462 quibus

246 3490 431 3554 immediate
453 3511 557 3572 supra,
579 3491 614 3553 in
636 3490 768 3554 ciuitate
791 3489 992 3573 Glosgnensi
1006 3489 1084 3552 hora
1103 3489 1193 3572 qumi
1218 3498 1311 3555 sexta
1334 3501 1410 3577 post

248 3601 423 3677 meridiem,
452 3602 599 3677 testibus,
629 3601 771 3665 Martino
800 3602 970 3677 Thomson,
999 3608 1032 3665 et
1065 3601 1215 3665 Johaune
1247 3601 1408 3671 Wstson:

246 3710 412 3774 Johannos
439 3711 623 3794 Hugoseild,
645 3713 812 3796 burgensis
832 3714 872 3776 do
895 3713 1033 3795 Glasgw,
1054 3734 1134 3797 puro
1156 3722 1189 3777 et
1215 3714 1409 3799 simpliciter

246 3821 380 3885 donauit
394 3822 571 3885 Katherino
587 3823 756 3900 Stermont,
771 3844 828 3887 sue
843 3825 1008 3901 seruitrici,
1023 3825 1193 3889 donatione
1208 3845 1303 3901 mero,
1315 3847 1406 3910 pura,

246 3932 355 4009 libera,
390 3931 476 3995 inter
511 3933 612 4009 vinos,
641 3954 743 3996 vnum
779 3936 983 3999 armariolum
1013 3957 1108 4000 suum
1142 3936 1293 4019 ligneum,
1324 3946 1406 4005 tuno

247 4043 388 4109 existens
417 4042 452 4104 in
481 4048 665 4106 tonorncnto
695 4065 753 4108 suo
782 4045 818 4107 in
846 4046 927 4110 Vico
950 4047 1132 4111 Ratonum:
1162 4048 1265 4112 Peciit
1289 4049 1404 4116 endem

247 4155 410 4221 Stermont
424 4154 654 4219 iustrumenta:
676 4156 760 4220 Acta
774 4163 811 4220 vt
825 4165 858 4221 et
872 4158 927 4221 rbi
942 4179 1044 4241 supra
