2994 4936
219 412 283 475 218
696 425 904 474 ruorooonm

53 583 461 650 s.n.1507.dicta.testinm
485 583 655 661 hincinde;
685 602 783 666 qnare
807 603 872 646 non
898 583 1012 674 debere
1042 583 1159 646 habere
1188 602 1377 665 regressum,

96 689 163 701 ““
216 701 253 758 vt
267 695 514 759 admitterentur
528 695 657 759 articuli
678 715 736 777 pro
756 700 847 776 parte
869 693 1028 757 dictorum
1049 693 1173 756 domini
1187 693 1375 769 Alexandri,

215 805 339 882 Jacobi,
362 812 395 870 et
418 805 576 870 Willelmi
590 826 647 888 per
670 805 830 888 prefatum
851 803 986 868 Neilson
1008 802 1239 886 prolocutorem
1256 805 1375 888 judici-

216 916 309 980 sliter
328 918 482 1000 porrectis
509 917 612 980 Peciit
631 916 718 980 idem
738 915 893 979 Ricardus
913 914 1081 990 Bothwell,
1096 916 1226 979 nomine
1244 916 1375 981 rectoris

216 1027 257 1092 de
271 1028 394 1113 Bigsre,
409 1028 643 1092 instrumenta:
664 1027 748 1091 Acta
763 1035 800 1091 ut
815 1047 919 1110 supra,
934 1035 968 1091 et
982 1027 1037 1090 vbi
1052 1047 1155 1110 supra

478 1299 548 1367 273.
573 1301 777 1364 Psarosrrus
799 1316 843 1362 us
865 1300 1106 1363 Duunnnrrur.

260 1472 324 1538 Die
361 1472 501 1549 Sabbati,
541 1473 622 1555 xxiij
662 1472 809 1536 Octobris
845 1473 924 1536 anni
957 1472 1207 1557 quingentesimi
1236 1473 1374 1556 septimi,

216 1584 393 1649 indictione
415 1584 471 1667 xj⁸,
488 1585 694 1668 pontificatus
716 1584 739 1648 J
741 1583 802 1647 ulii
825 1583 868 1647 2ἀί
892 1605 977 1648 anno
992 1592 1114 1668 quarto,
1130 1589 1163 1648 et
1184 1584 1274 1668 regni
1288 1605 1373 1648 anno

216 1705 294 1760 xx⁰z
331 1696 376 1761 M.
414 1695 577 1760 Walterns
615 1696 807 1779 Abirnethy,
844 1696 1024 1779 prepositus
1061 1695 1102 1760 de
1143 1689 1374 1772 Dumbretane,

217 1828 370 1885 asserens,
385 1807 426 1872 ad
449 1808 500 1872 sui
523 1808 676 1872 noticiam
699 1828 803 1890 nuper
825 1807 1002 1871 deuentum
1024 1827 1102 1884 esse,
1118 1828 1151 1871 se
1173 1807 1273 1882 fuisse
1295 1808 1373 1872 cita-

217 1927 297 1996 tum,
326 1941 383 2004 per
418 1919 527 1984 literas
564 1918 822 1984 reuerendissimi
858 1919 958 2001 patris
996 1919 1127 1982 Roberti
1165 1917 1373 2002 Glasguensis

217 2031 457 2115 archiepiscopi,
487 2032 528 2094 ad
558 2031 644 2095 diem
674 2031 859 2106 instantem,
890 2030 930 2094 ad
967 2030 1193 2114 porrigendum
1222 2031 1374 2108 raciones,

217 2163 323 2207 coram
345 2143 431 2207 dicto
457 2143 722 2207 reuerendissimo
748 2150 781 2206 et
806 2162 864 2205 suo
891 2141 1031 2224 capitulo
1058 2142 1093 2204 in
1119 2142 1253 2225 scriptis,
1276 2162 1374 2225 quare

193 2253 285 2338 ,ipse
310 2254 490 2338 prepositus
517 2253 704 2316 nullatenus
729 2260 877 2316 teneatur
903 2252 1083 2335 persoluere
1109 2254 1296 2336 pensionem
1316 2274 1374 2317 an·

216 2385 323 2442 uuam,
350 2385 455 2447 neque
482 2363 642 2440 salarium,
668 2364 798 2427 domino
823 2364 984 2427 Wmfrido
1014 2364 1201 2447 Conigham,
1227 2385 1284 2447 pro
1314 2386 1373 2428 suo

216 2475 351 2540 seruicio
387 2482 420 2539 et
456 2474 737 2540 administracione
773 2497 848 2540 cure
885 2477 925 2541 de
963 2475 1151 2554 Strablane3
1186 2476 1374 2541 huiusmodi

215 2587 357 2650 raciones
373 2585 483 2670 wlgari
507 2606 651 2650 sermone
678 2588 838 2651 consectas
864 2587 904 2650 ad
928 2608 1043 2651 manus
1069 2595 1191 2664 tenens,
1207 2588 1247 2651 ad
1272 2589 1372 2672 porri-

215 2697 357 2782 gendum
383 2696 581 2780 judicialiter
610 2698 738 2762 easdem
766 2698 807 2761 ad
837 2697 922 2762 diem
953 2699 1137 2775 instantem,
1167 2707 1200 2763 et
1229 2707 1308 2764 tunc
1337 2722 1372 2765 sa

215 2815 366 2892 paratum
393 2808 524 2872 omnino
550 2808 635 2872 dixit
660 2816 694 2873 et
717 2811 871 2873 asseruit:
901 2810 944 2873 Et
974 2809 1212 2887 nichilominus,
1236 2811 1263 2874 si
1294 2813 1372 2895 quid

216 2920 448 2986 incontrarium
459 2921 542 3002 juris
558 2921 609 2984 sui
625 2920 664 2984 ad
679 2920 767 2984 idem
782 2941 847 2984 non
862 2922 976 2998 vocati,
992 2928 1024 2985 et
1046 2922 1081 2984 in
1096 2921 1184 2986 dicta
1206 2943 1302 2987 causa
1315 2944 1373 3007 per

216 3031 520 3098 reuerendissimum
557 3039 590 3097 et
626 3032 804 3115 capitulum
842 3040 1070 3116 attemptatum
1103 3033 1209 3109 fuerit,
1239 3034 1301 3098 sibi
1339 3043 1373 3099 et

216 3145 451 3210 successoribus
476 3144 551 3220 suis,
567 3151 600 3208 et
623 3164 681 3208 suo
704 3144 770 3227 juri
785 3165 850 3207 non
866 3144 975 3208 cedere
1002 3145 1036 3207 in
1060 3144 1274 3227 preiudicium
1299 3166 1371 3230 prn-

216 3264 354 3322 testatus
377 3262 426 3320 est
449 3255 640 3320 solenniter:
662 3257 766 3320 Peciit
781 3256 866 3320 idem
891 3256 934 3318 M
952 3255 1115 3320 Walterus
1136 3256 1372 3321 instrumenta:

215 3367 302 3432 Acta
325 3367 411 3452 apud
438 3366 537 3432 altare
562 3367 671 3431 Sancti
692 3367 821 3444 Moloci,
845 3367 880 3429 in
906 3365 1041 3431 ecclesia
1067 3366 1269 3450 Glasguensi
1294 3367 1372 3432 hora

216 3480 309 3560 quasi
337 3479 383 3562 xij
410 3479 445 3542 in
475 3480 615 3556 meridie,
640 3479 694 3544 vel
716 3479 853 3558 eacirca3
887 3478 1032 3555 testibus,
1054 3478 1183 3542 domino
1206 3478 1372 3544 Willelmo

215 3586 310 3665 Wan,
324 3589 467 3654 Walters
483 3591 657 3668 Crawfurd,
672 3599 705 3656 et
720 3590 868 3655 Oswaldo
883 3590 1073 3672 Abimethy.
1168 3577 1174 3588 ’

506 3862 577 3928 274.
601 3861 777 3926 Reuersus
799 3863 912 3927 Annis
936 3863 1083 3928 Pisum.

258 4031 322 4097 Die
349 4029 488 4109 Sabbati,
513 4033 591 4116 xviij
621 4034 739 4102 mensis
766 4035 970 4118 Septembris,
1001 4057 1086 4100 anno
1112 4036 1371 4121 quingentesimo

214 4144 360 4227 septimo,
375 4143 550 4209 indictione
573 4145 706 4222 decima,
721 4146 928 4229 pontificatus
951 4148 974 4211 J
977 4147 1035 4210 ulii
1062 4148 1107 4211 2(ιι
1127 4169 1212 4212 anno
1238 4155 1373 4231 quarto:

215 4255 257 4321 In
271 4255 436 4340 presencia
449 4257 523 4333 mei,
538 4262 606 4333 etc,
621 4256 830 4339 personaliter
852 4278 1038 4342 comparens
1053 4279 1159 4323 eoram
1173 4260 1371 4325 reuerendis·

214 4367 296 4434 simo
312 4375 403 4454 patre
425 4367 563 4434 Roberto
586 4367 778 4454 Glssguensi
803 4369 1050 4453 archiepiscopo,
1063 4389 1202 4436 vnaeum
1228 4371 1372 4456 capitulo
