2994 4936
226 439 267 501 14
702 453 908 502 rnoroconm

58 640 115 678 aa.
135 629 206 678 1499.
224 610 345 687 Belide,
358 632 422 674 non
437 611 566 676 deberet
581 613 683 676 facero
699 611 921 676 executionem
937 617 1046 674 eontra
1061 611 1185 675 dictum
1197 612 1380 677 Johanncm

101 720 167 731 “
223 723 386 805 Kennidy,
402 730 560 786 assertum
582 724 772 806 deputatum
795 722 874 785 dicti
896 722 1055 786 Joliannis
1078 723 1200 786 domiui
1216 725 1380 807 Kennidy,

222 839 351 916 propter
374 834 441 911 hoc,
464 834 550 917 quod
572 834 677 898 dictus
700 834 865 896 «lohannes
888 833 1050 916 Kenncdy
1065 855 1130 897 non
1152 835 1267 898 habuit
1288 856 1380 898 suam

222 945 478 1009 commissionem
499 945 739 1008 monstrandam
753 943 882 1019 ibidem,
898 951 1069 1026 postquam
1084 946 1172 1009 curia
1187 947 1290 1010 fuerat
1306 968 1379 1011 con-

222 1057 354 1133 firmata,
371 1064 403 1119 et
418 1057 516 1120 assisa
531 1055 641 1131 electa,
657 1062 689 1118 ot
704 1062 811 1138 partos
826 1054 861 1117 in
877 1076 972 1119 causa
991 1056 1220 1121 contendentes
1235 1059 1380 1122 fuerant:

223 1167 324 1249 Super
345 1167 462 1248 quibus
484 1167 585 1249 peciit
605 1166 712 1230 dictus
728 1166 892 1229 Johannes
908 1165 1002 1230 Blare
1017 1167 1286 1246 instrumentum;
1308 1190 1378 1250 pre-

223 1278 367 1341 sentibus
383 1278 500 1360 quibus
516 1298 629 1360 supra:
651 1279 735 1341 Acta
749 1276 784 1340 in
799 1277 869 1340 loco
886 1297 981 1359 supra
996 1278 1090 1341 dicta.

666 1552 715 1614 20.
739 1551 933 1614 Munrmms.

265 1725 386 1788 Eodem
408 1725 469 1800 dio,
483 1746 567 1787 anno
582 1733 616 1788 et
629 1724 708 1800 loco,
723 1744 787 1807 quo
803 1743 905 1807 supra,
922 1721 1077 1805 Georgius
1093 1721 1183 1797 Boid,
1198 1721 1378 1805 prolocutor

221 1835 301 1899 dicti
315 1835 386 1899 Ado
402 1835 567 1912 Multraro,
582 1837 723 1900 ostendit
738 1856 772 1899 so
788 1842 820 1899 61
834 1854 930 1898 suum
944 1833 1075 1909 socium,
1091 1832 1257 1896 dominum
1279 1834 1302 1897 J
1303 1853 1377 1897 oon·

221 1968 296 2011 nem
322 1947 531 2031 Symontoun,
554 1968 623 2012 esse
649 1953 774 2031 paratos
800 1944 989 2029 respondere
1015 1945 1135 2008 Thome
1158 1945 1322 2009 Johnsone
1345 1953 1379 2009 ot

221 2052 354 2123 Matheo
367 2060 521 2136 Rodman,
533 2060 574 2122 ad
586 2059 693 2122 omnio
704 2057 879 2134 obicienda,
890 2059 918 2120 si
930 2056 1036 2119 dictus
1047 2056 1069 2119 J
1071 2056 1212 2119 ohannes
1224 2057 1379 2139 Kennidy

221 2176 413 2234 monstraret
435 2191 525 2233 suam
548 2170 813 2243 commissionem,
829 2175 862 2230 ot
876 2167 953 2250 quia
967 2174 1095 2250 rogatus
1110 2175 1295 2244 monstrare,
1310 2189 1376 2230 non

221 2281 421 2356 monstrauit,
436 2281 523 2362 ipsos
544 2299 609 2341 non
632 2279 745 2341 debere
761 2286 880 2364 temere
895 2277 1010 2359 ipsum,
1025 2285 1062 2340 vt
1074 2276 1225 2360 judicem,
1242 2298 1301 2342 uec
1316 2278 1378 2342 sibi

221 2390 418 2473 respondero,
433 2391 509 2472 quia
532 2410 596 2452 non
619 2389 786 2452 constabat
806 2388 835 2451 ei
851 2388 936 2470 quod
953 2388 1015 2451 fuit
1029 2388 1204 2471 deputatus
1220 2390 1379 2454 Johannis

221 2501 343 2563 domini
359 2500 522 2582 Kennidy,
534 2507 567 2563 et
582 2498 766 2582 quicunque
781 2500 957 2581 portauorit
971 2519 1080 2563 secum
1095 2520 1187 2562 suam
1202 2501 1378 2564 commissi·

221 2631 323 2687 onom,
334 2610 387 2675 vol
402 2612 629 2674 monstrauorit
643 2611 697 2687 eis,
709 2610 847 2674 libenter
861 2610 924 2675 sibi
936 2611 1162 2693 responderent
1174 2619 1206 2675 et
1217 2620 1377 2695 parerent:

222 2722 324 2805 Super
334 2723 451 2805 quibus
467 2722 564 2805 peciit
576 2721 682 2785 dietus
697 2722 852 2805 Georgius
864 2722 945 2785 Boid
960 2722 1211 2787 instrumentum
1220 2746 1228 2802 ;
1250 2743 1378 2807 presen-

222 2833 309 2897 tibus
325 2833 442 2916 quibus
458 2853 561 2916 supra,
576 2832 645 2897 loco
661 2840 693 2896 et
709 2833 785 2896 hora
799 2833 918 2916 quibus
933 2853 1036 2915 supra.

574 3112 622 3174 21.
646 3111 669 3174 J
671 3109 1025 3174 cursous—Romus.

264 3286 384 3351 Eodem
401 3286 461 3362 die,
473 3306 556 3349 anno
568 3293 601 3349 et
611 3305 728 3359 menso,
738 3284 761 3347 J
762 3283 904 3347 ohannes
917 3282 1018 3359 Blore,
1027 3282 1208 3366 prolocutor
1219 3282 1377 3346 dictorum

221 3398 339 3462 Thome
369 3399 523 3474 Johnson,
549 3395 675 3462 Mathei
705 3395 859 3473 Rodman,
887 3403 919 3459 et
948 3394 1084 3458 asseruit
1112 3393 1198 3476 quod
1227 3393 1377 3458 dominus

220 3507 384 3572 ,Iohannes
401 3510 602 3591 Symontouu
618 3518 650 3573 et
666 3508 821 3591 Georgius
833 3506 922 3582 Boid,
934 3506 1147 3589 prolocutores
1159 3504 1230 3568 Ado
1244 3503 1377 3581 Multra,

221 3616 385 3698 poeiemnt
406 3617 573 3680 licenciam
595 3618 747 3700 loquendi
770 3641 788 3682 a
810 3619 958 3682 Jolranne
981 3616 1135 3700 Kennidy
1150 3616 1190 3681 de
1206 3615 1291 3693 Coie,
1306 3623 1378 3680 tan·

221 3746 318 3810 qumn
336 3725 453 3808 judice,
469 3733 502 3788 et
524 3735 629 3808 partes
651 3728 840 3811 inceperunt
855 3729 1046 3794 contendere
1061 3729 1096 3791 in
1111 3749 1215 3804 causa,
1231 3737 1264 3792 et
1278 3728 1377 3792 assisa

221 3836 322 3901 electa
344 3843 419 3912 erat,
435 3843 466 3898 ot
488 3835 589 3917 aliqui
612 3835 651 3899 do
674 3837 759 3900 dieta
781 3839 880 3902 assisa
902 3839 1039 3921 depositi
1060 3859 1118 3921 por
1133 3839 1256 3903 dictum
1270 3839 1377 3903 Adam

221 3946 361 4012 Multrar
385 3955 417 4010 et
445 3966 519 4009 suos
544 3944 767 4028 prolocutores,
794 3969 858 4011 non
884 3949 1071 4013 debuissent
1096 3950 1241 4033 excipere
1268 3958 1379 4015 contra

221 4058 402 4123 Johannom
426 4056 578 4137 Kennidy
593 4055 632 4119 ‹lo
652 4056 737 4132 Coie,
752 4078 792 4120 ex
808 4079 845 4121 oo
860 4061 946 4142 quod
961 4060 1144 4125 commissio
1159 4083 1218 4126 sua
1234 4083 1298 4125 non
1314 4062 1378 4128 fuit

220 4189 367 4254 presens:
399 4169 501 4251 Super
525 4167 642 4250 quibus
670 4168 768 4250 peciit
793 4168 957 4234 Johannes
984 4172 1078 4235 Blaro
1109 4173 1378 4238 instrumentum:

221 4282 305 4346 Acta
318 4279 387 4345 loco
402 4286 435 4344 et
449 4279 526 4344 hora
539 4277 732 4361 prescriptis,
747 4278 883 4343 testibus
897 4283 1088 4366 proscriptis.
