2994 4936
249 421 314 484 412
723 435 929 484 rnorooomn

86 609 234 713 ‘'”',¹,⁵¹¹'
382 643 452 708 535.
478 645 740 722 discurramus,
763 644 1070 709 Govau-Juorcss
1093 643 1278 710 Damam

292 816 356 881 Die
371 817 513 896 Veneris,
529 818 587 901 xiij
604 817 724 881 mensis
740 817 762 880 J
765 818 843 894 unii,
858 838 942 880 anno
964 817 1224 901 quingentesimo
1248 818 1294 901 xj,
1310 817 1405 882 indic-

248 927 337 993 tione
359 929 426 1013 xiij,
453 930 658 1013 pontificatus
683 928 769 992 Julii
792 927 836 992 2⁶¹
860 949 943 992 anno
968 929 1050 1012 viij0,
1072 936 1106 992 et
1127 928 1219 1012 regni
1245 929 1354 1012 xxiiij,
1374 928 1406 992 iu

248 1041 383 1106 ecclesia
404 1042 596 1124 Glasguensi
619 1041 695 1103 hora
717 1041 749 1123 xj
774 1046 849 1104 ante
871 1040 1038 1104 meridiem
1056 1039 1110 1104 vel
1124 1040 1227 1104 circa:
1251 1041 1405 1125 Magistro

249 1152 388 1216 Roberto
413 1153 646 1228 Hammiltoun,
671 1159 772 1216 rector
798 1152 837 1215 de
862 1151 1065 1234 Cobyntoun,
1089 1151 1230 1216 dominis
1256 1153 1405 1217 «Iohanne

248 1264 390 1340 Heriote,
414 1263 545 1326 Andrea
575 1263 694 1337 Burell,
717 1262 910 1345 presbiteris,
936 1283 1041 1325 coram
1067 1262 1233 1345 Magistris
1263 1263 1404 1327 Martius

247 1373 345 1449 Rede,
360 1373 557 1449 cancellario,
572 1373 692 1436 Thoma
707 1373 874 1449 Murhede,
890 1354 1051 1437 canonicis
1074 1372 1343 1456 Glasguensibus,
1357 1373 1403 1439 iu·

247 1483 372 1547 dicibus
388 1483 550 1566 delegatis,
565 1484 605 1547 ad
621 1503 749 1548 causam
764 1504 822 1548 seu
844 1504 956 1548 causas
971 1490 1151 1549 vertentem
1170 1504 1229 1548 seu
1243 1491 1403 1550 vertentes

246 1592 331 1658 inter
347 1595 525 1658 Hemicum
539 1595 651 1657 Forest
665 1600 698 1657 et
904 1600 938 1658 et
1140 1600 1173 1657 et
1188 1615 1297 1659 coram
1311 1595 1403 1661 dictis

245 1705 406 1771 iudicibus
422 1706 598 1790 pendentes
613 1705 796 1782 indecisae
818 1707 893 1770 sede
915 1706 1089 1789 apostolica
1108 1705 1291 1790 specialiter
1305 1707 1402 1791 depu-

246 1818 332 1895 tatis,
348 1838 532 1901 comparens
553 1818 707 1901 Magister
721 1819 754 1881 N
755 1817 898 1881 icholaus
920 1817 1160 1900 Wytherspune
1182 1819 1351 1900 presbiter,
1364 1838 1402 1883 ex

247 1950 305 1994 suo
329 1929 456 2013 proprio
479 1936 578 2004 motu,
599 1936 631 1992 et
653 1949 718 1991 non
740 1933 877 2004 coactus,
899 1927 1102 1992 renunciauit
1123 1935 1286 2010 quatenus
1308 1929 1350 1993 ad
1370 1950 1402 1994 se

245 2041 427 2124 pertinebat
441 2039 607 2103 adhesioni
622 2039 855 2122 appellationis,
866 2037 945 2101 alias
959 2059 1016 2120 per
1030 2038 1224 2121 Magistrum
1234 2039 1402 2106 Mathcum

247 2151 390 2215 Steward
412 2172 431 2214 a
454 2152 549 2215 dictis
571 2151 731 2214 iudicibus
753 2149 922 2213 adsedem
944 2149 1151 2232 apostolicam
1172 2149 1350 2230 interiecte,
1371 2160 1403 2216 et

249 2263 383 2339 comisit,
405 2281 442 2325 ac
463 2261 581 2325 detulit
603 2282 636 2325 se
659 2261 820 2324 voluntati
840 2261 998 2324 dictorum
1019 2260 1173 2336 iudicum,
1195 2282 1237 2325 ex
1260 2262 1403 2347 eoquod

247 2373 450 2456 perturbauit
479 2373 731 2437 iurisdictionem
761 2372 939 2436 eorundum
968 2371 1132 2435 alterando
1162 2378 1195 2436 et
1220 2374 1403 2439 renouando

246 2503 360 2546 manus
391 2503 448 2545 sue
472 2483 607 2559 literam,
629 2483 739 2546 literas
766 2483 924 2546 dictorum
948 2483 1092 2547 iudicum
1116 2490 1149 2546 et
1171 2490 1318 2549 tenorem
1339 2507 1403 2552 ear·

247 2592 367 2656 undem
389 2592 598 2667 immutando,
614 2599 646 2656 et
668 2594 766 2675 peciit
786 2615 819 2657 se
842 2594 966 2657 absolui
988 2615 1044 2678 per
1060 2594 1195 2673 eosdem,
1210 2617 1230 2659 a
1245 2599 1405 2663 sententia

248 2702 587 2768 excommunicationis
610 2723 706 2784 quam
727 2704 909 2768 incurrebat
930 2706 999 2788 ipso
1022 2707 1106 2770 facto
1128 2708 1404 2790 perturbandum

249 2814 503 2879 iurisdictionem
525 2833 651 2892 eorum;
675 2833 780 2894 quem,
795 2815 884 2896 prius
900 2817 1030 2881 dextera
1045 2838 1143 2881 manu
1166 2820 1285 2901 pretori
1307 2841 1404 2905 appo·

249 2928 321 3004 sito,
344 2927 378 2990 in
402 2925 500 2990 verbo
530 2924 717 2988 sacerdotali
747 2925 888 2989 iuratum
918 2936 1001 2992 stare
1024 2929 1184 2992 mandatis
1207 2931 1352 3010 ecclesie,
1373 2941 1406 2998 et

247 3040 405 3124 complere
426 3037 620 3123 penitentias
642 3058 698 3120 per
720 3037 821 3101 dictos
843 3038 964 3103 iudices
986 3061 1043 3122 pro
1065 3040 1158 3104 modo
1180 3041 1275 3124 culpe
1298 3045 1404 3109 eidem

247 3152 467 3237 indulgendas,
493 3172 512 3215 a
541 3150 627 3214 dicta
656 3151 995 3214 excommunicationis
1025 3153 1185 3215 sententia
1214 3153 1405 3238 simpliciter

248 3266 479 3330 absoluerunt:
515 3263 684 3327 Petierunt
712 3263 798 3327 idem
826 3262 947 3326 iudices
977 3263 1214 3328 instrumenta:
1251 3266 1338 3330 Acta
1367 3277 1405 3332 vt

247 3398 349 3460 supra.

482 3528 552 3592 536.
577 3526 709 3602 Masou,
730 3527 892 3590 Vrcamus
915 3542 957 3589 ns
979 3527 1163 3590 Drumias.

289 3699 353 3761 Die
369 3698 509 3775 Sabbati,
525 3700 593 3782 xiiij
610 3700 633 3763 J
635 3699 713 3775 unii,
728 3720 821 3776 anno,
836 3700 1019 3777 indictione,
1036 3702 1232 3783 pontificatu,
1248 3709 1281 3767 et
1303 3707 1402 3789 regni,

246 3809 364 3892 quibus
387 3810 572 3874 immediate
595 3831 699 3893 supra,
714 3809 791 3873 hora
806 3812 908 3893 prima
923 3821 994 3894 post
1010 3813 1174 3877 meridiem
1189 3813 1243 3877 vel
1258 3815 1350 3894 circa,
1366 3819 1400 3881 in
1469 3826 1476 3845 '

245 3940 356 3983 manso
390 3920 572 3984 cancellarii
602 3921 819 4005 Glasguensis,
852 3923 937 3985 intra
970 3923 1136 3986 ciuitatem
1159 3925 1401 4008 Glasguensem,

245 4033 382 4097 testibus
399 4031 562 4113 Magistris
586 4032 742 4096 Niclrolao
765 4033 945 4116 Greynlaw,
961 4035 1118 4099 Richards
1142 4037 1309 4114 Bothwell,
1325 4060 1399 4103 can·

244 4144 345 4209 onicis
372 4142 633 4226 Glasgmcnsibus
656 4150 688 4206 ot
710 4144 839 4207 domino
861 4145 1026 4209 Willohno
1050 4148 1173 4231 Smyth,
1195 4150 1400 4232 presbiteris:

245 4257 405 4321 Dominus
428 4254 584 4337 Georgius
607 4254 724 4318 blason
745 4256 908 4338 presbiter,
923 4258 1061 4322 vicarius
1076 4268 1250 4344 perpetuus
1265 4263 1399 4329 ecclesio

244 4368 433 4452 parochialis
455 4367 495 4432 de
517 4367 707 4444 Drumman,
723 4367 930 4452 Glasguausis
945 4369 1087 4448 diocesis,
1103 4393 1167 4435 non
1183 4373 1217 4436 vi
1236 4381 1293 4437 aut
1308 4381 1398 4440 metu
