2994 4936
236 434 300 498 164
712 445 917 492 morocoria

72 606 350 690 a.o.150uquinta
378 612 452 688 post
480 603 654 679 meridiem,
677 607 710 666 et
731 600 879 684 amplius,
894 600 1054 678 videlicet,
1075 600 1161 666 inter
1186 602 1336 686 quintam
1358 609 1391 666 et

115 714 181 725 ““
236 720 369 793 sextam,
381 717 403 780 J
405 715 546 779 ohannes
562 713 711 777 dominus
727 711 882 776 Cathkert
897 711 1052 795 obligauit
1066 732 1109 790 se,
1122 733 1196 776 suos
1210 713 1345 778 heredes
1360 717 1394 776 et

237 827 423 911 assignatae,
438 847 495 910 per
510 826 607 889 fidem
628 825 758 888 nornine
776 823 962 906 juramenti,
977 823 1011 886 in
1034 842 1167 887 manum
1189 824 1254 888 mei
1276 824 1395 888 notarii

237 939 361 1024 publici
382 938 558 1022 prestitam,
581 936 743 1000 dimittere
769 936 791 999 J
794 934 953 998 ohannem
980 935 1162 1018 Lekprevik
1188 942 1221 1000 et
1246 935 1395 999 Elizahet

239 1051 395 1116 Cathkert
409 1070 502 1113 suam
517 1067 674 1131 sponsam,
689 1047 819 1129 pacifice
834 1047 971 1128 gaudere
994 1053 1026 1110 et
1048 1067 1202 1131 occupare
1217 1046 1298 1110 duas
1313 1068 1396 1111 mer·

239 1170 330 1226 catus
352 1163 383 1244 vj
402 1160 553 1224 solidatas
576 1166 608 1222 et
630 1166 701 1222 octo
724 1157 903 1221 denariatas
924 1164 1080 1222 terrarum
1103 1157 1142 1222 de
1165 1158 1397 1241 Hagthornhill

239 1293 313 1337 cum
336 1270 549 1354 pertinenciis,
564 1289 651 1332 nunc
672 1268 866 1332 inhabitatas
881 1289 939 1352 per
953 1267 1125 1352 Georgium
1147 1268 1241 1345 Park,
1257 1288 1397 1352 suosque

239 1383 380 1459 heredes,
392 1388 576 1445 executores
589 1387 621 1443 et
632 1379 816 1463 assignatos,
827 1401 929 1462 vsque
945 1379 986 1443 ad
998 1380 1173 1443 terminum
1189 1380 1396 1444 Pentecostes

240 1494 432 1578 proximum,
454 1513 491 1556 ac
517 1491 614 1555 etiam
640 1511 698 1573 pro
724 1491 831 1573 spacio
857 1491 1001 1574 quinque
1027 1511 1227 1568 annorum,a
1248 1491 1397 1574 proximo

241 1606 322 1670 feste
338 1605 544 1669 Pentecostes
555 1609 628 1687 pest
639 1603 748 1667 datam
757 1604 958 1686 presencium
969 1602 1112 1686 plenarie
1123 1602 1396 1686 complendarum,

241 1722 275 1781 et
289 1737 354 1779 non
368 1715 523 1779 redimere
538 1735 642 1797 neque
657 1713 764 1778 laxare
780 1713 881 1777 dictas
897 1721 996 1777 terras
1011 1734 1068 1796 per
1091 1734 1124 1777 se
1146 1720 1203 1777 aut
1223 1733 1308 1791 suos,
1323 1721 1398 1779 ante

243 1828 371 1912 lapsum
385 1827 544 1890 dictorum
559 1826 701 1909 quinque
723 1846 898 1905 annorum;
920 1846 976 1908 pro
991 1825 1188 1909 quoquidem
1203 1824 1398 1908 obligatione

243 1948 276 2004 ct
305 1940 469 2023 promisse,
495 1938 581 2001 dicto
607 1938 629 2001 J
632 1937 750 2000 chunni
777 1944 809 2000 ct
834 1937 901 2000 suis
927 1936 1096 2000 heredibus
1122 1956 1180 2019 per
1205 1956 1281 2000 eum
1305 1937 1398 2013 lacto,

243 2052 364 2135 recepit
394 2051 537 2134 quinque
566 2070 687 2112 marcas
717 2049 905 2113 deliberatus
927 2048 962 2110 in
984 2049 1121 2131 pecunia
1147 2053 1316 2112 numerata
1339 2047 1400 2111 sibi

245 2161 388 2226 Johanni
418 2160 546 2223 domino
577 2159 740 2235 Oathkcrt,
766 2180 823 2242 per
852 2159 975 2222 dictum
1000 2157 1189 2242 Lekprevik,
1215 2157 1400 2242 dequibus

244 2272 386 2355 quitanit
408 2271 530 2333 dictum
553 2269 739 2351 Lekprevik,
762 2276 794 2333 et
817 2290 890 2333 suos
912 2269 1167 2352 imperpetuum:
1191 2268 1296 2334 Peciit
1316 2269 1401 2334 idem

246 2382 428 2465 Lekprevik
443 2381 665 2444 instrumenta

675 2656 746 2718 210.
772 2657 968 2719 Cnnwronn.

289 2828 394 2902 Anno,
409 2826 470 2902 die,
485 2847 603 2902 mense,
617 2827 801 2903 indictione,
817 2829 1015 2911 pontificatu,
1030 2828 1109 2904 loco,
1130 2828 1216 2906 hora,
1239 2835 1273 2894 et
1295 2849 1402 2894 coram

245 2940 383 3003 testibus
406 2939 522 3022 quibus
545 2938 728 3002 immediate
750 2960 853 3022 supra,
870 2940 892 3003 J
894 2940 1035 3003 ohannes
1051 2940 1233 3023 Ielrprevik
1248 2940 1289 3005 de
1305 2941 1404 3005 Gold-

246 3052 312 3115 iule
328 3051 475 3115 omnibus
490 3051 683 3125 melioribus
699 3057 767 3126 ete,
783 3072 857 3114 cum
874 3072 1038 3127 consensu,
1053 3052 1219 3134 presencia
1239 3058 1274 3117 et
1288 3051 1404 3116 volun-

246 3171 312 3228 tate
328 3164 449 3227 domini
464 3163 623 3226 «Iohannis
640 3162 792 3226 Machll
814 3163 853 3226 de
877 3162 1124 3246 Nedderpollok,
1140 3162 1260 3238 militis,
1274 3160 1403 3226 heredis

246 3275 363 3338 talliati
385 3274 542 3337 dictarum
565 3280 720 3336 terrarum
743 3273 782 3336 de
805 3273 983 3349 Goldinlee,
998 3294 1055 3356 per
1069 3273 1189 3338 fustem
1203 3279 1235 3336 et
1248 3270 1400 3335 baculum

247 3406 374 3449 sursnrn
404 3385 501 3461 dedit,
524 3405 666 3467 pureque
696 3383 882 3467 simpliciter
911 3384 1095 3466 resignauit‚
1117 3384 1220 3448 dictas
1239 3381 1402 3447 termedo

248 3496 416 3559 Goldinlee
432 3517 505 3558 eum
521 3496 736 3578 pertinenciis,
750 3497 783 3557 in
806 3495 955 3558 manibus
978 3495 1137 3559 Johannis
1159 3494 1284 3560 domini
1305 3493 1405 3560 cath-

247 3605 327 3680 kert,
336 3613 491 3687 tanquam
507 3606 628 3669 domini
638 3608 808 3689 superioris
817 3606 998 3684 earundem,
1008 3607 1142 3671 eandem
1154 3607 1406 3692 resignacionem

247 3715 452 3796 acceptantis,
476 3722 509 3777 et
532 3714 592 3777 hoc
618 3716 653 3777 in
676 3717 816 3780 fauorem
840 3717 988 3800 Magistri
1014 3718 1203 3782 Archibaldi
1230 3717 1407 3795 Orawfurd,

247 3824 357 3886 vicarii
380 3823 419 3887 dc
446 3825 581 3887 Erskin:
604 3846 668 3906 qua
683 3826 899 3908 resignacionc
926 3828 972 3890 sic
998 3829 1083 3892 lacta
1108 3834 1142 3892 et
1167 3835 1304 3912 recepta,
1319 3828 1408 3894 idem

247 3934 396 3997 dominus
412 3934 568 3997 Cathkert
583 3934 697 3996 iterum
714 3935 846 3999 donauit
861 3937 962 4001 dictas
985 3946 1084 4002 terras
1099 3960 1174 4003 cum
1189 3940 1410 4023 pertinenciis,

248 4044 403 4125 Magistro
425 4042 620 4106 Archiboldo
643 4045 808 4107 Crawfurd
835 4054 868 4109 ct
892 4047 1062 4113 heredibus
1085 4051 1160 4128 suis,
1183 4051 1224 4116 de
1247 4071 1408 4116 consensu

247 4154 390 4218 eiusdem
412 4153 533 4216 domini
555 4153 690 4216 Juunnis
714 4154 875 4232 Marwell,
898 4158 932 4220 in
955 4161 1082 4243 signum
1105 4163 1198 4226 euius
1220 4162 1408 4228 donacionis

248 4264 381 4330 tradidit
394 4272 428 4328 et
442 4263 631 4328 deliberauit
646 4263 773 4327 realiter
791 4265 877 4329 dicto
893 4267 1049 4351 Magistro
1063 4272 1270 4351 Archibaldo‚
1284 4280 1408 4338 caram

247 4385 281 4442 et
308 4383 493 4460 preceptum
523 4373 649 4449 saisina,
674 4373 780 4458 sigillo
809 4395 969 4441 armorum
998 4399 1129 4446 suornm
1155 4383 1340 4469 sigillatam,
1364 4383 1409 4449 ad
