2994 4936
688 413 898 490 rnorooonm'

514 650 584 713 202.
608 648 1073 721 Arsaosorn—Ounonuona

259 822 356 886 Anno
371 821 506 886 Domini
528 822 579 884 Μο
601 820 858 905 quingentesimo
880 821 946 904 vj20,
962 821 1014 884 die
1033 820 1168 884 Veneris
1184 818 1372 884 duodecimo

216 934 337 998 mensis
359 933 532 1010 Februarii,
547 933 723 998 indictione
746 933 877 1009 decima,
892 932 1098 1017 pontificatus
1118 933 1141 996 J
1142 931 1202 995 ulii
1225 929 1269 994 2ἀι
1288 951 1373 994 anno

215 1047 260 1123 4⁰,
287 1054 320 1110 et
347 1046 437 1129 regni
466 1045 586 1109 Jacobo
616 1045 723 1128 quarti
752 1065 836 1108 anno
866 1045 955 1108 xix⁰t
985 1043 1140 1127 Georgius
1167 1042 1373 1125 Culquhoun‚

217 1156 352 1221 clericus
366 1155 572 1240 parrochialis
594 1161 769 1239 perpetuus
792 1155 923 1219 ecclesie
945 1154 1152 1238 parrochialis
1175 1154 1214 1218 de
1230 1155 1372 1229 Govane,

216 1267 378 1332 assedauit
393 1274 425 1331 et
440 1267 481 1330 ad
496 1267 621 1329 firmam
636 1267 767 1342 dimisit,
779 1274 875 1350 prout
890 1287 945 1349 per
959 1273 1123 1350 peracutas
1142 1264 1269 1329 assedat
1283 1271 1316 1328 et
1331 1263 1373 1327 od

216 1380 340 1441 firmam
363 1378 507 1454 dimittit,
531 1398 641 1441 omnes
667 1384 700 1441 ct
726 1378 867 1461 singulos
898 1379 1030 1454 fructus,
1056 1377 1277 1452 obuenciones,
1300 1395 1373 1459 pm-

216 1497 342 1565 ventus,
368 1497 401 1552 et
427 1488 642 1553 emolumenta
668 1488 748 1552 dicti
777 1489 872 1552 officii
903 1473 1070 1553 clericatus
1099 1487 1306 1572 parrochialis
1332 1486 1373 1550 de

217 1602 358 1677 Govane,
384 1600 513 1687 domino
539 1599 667 1664 Andree
692 1600 891 1677 Androsone,
917 1600 1036 1665 vicario
1062 1599 1264 1683 pensionario
1287 1598 1373 1663 dicte

216 1711 349 1777 ecclesie
372 1712 412 1776 de
435 1713 576 1788 Govane,
599 1733 656 1795 pro
676 1711 782 1794 spacio
797 1712 892 1775 vnius
917 1712 1002 1788 anni,
1025 1733 1044 1775 a
1066 1713 1148 1775 sesto
1172 1709 1318 1793 Philippi
1340 1717 1374 1774 et

217 1824 340 1900 Jacobi,
366 1824 443 1887 anni
472 1823 606 1887 Domini
632 1823 797 1887 millesimi
823 1823 1075 1906 quingentesimi
1104 1821 1219 1899 octaui,
1249 1821 1374 1905 integre

216 1935 340 2000 cursuri
355 1942 388 2000 et
403 1935 591 2019 complendi,
606 1935 692 2016 quod
715 1935 846 2017 quidem
868 1936 986 1998 festum
1002 1933 1147 2017 Philippi
1162 1940 1195 1998 et
1208 1933 1232 1997 J
1233 1932 1324 1996 scobi
1339 1933 1374 1995 in

216 2067 301 2111 anno
326 2048 449 2131 prefato
471 2046 728 2130 quingentesimo
750 2052 864 2109 octauo
887 2046 948 2109 erit
969 2045 1120 2109 introitus
1146 2044 1227 2108 dicti
1249 2043 1374 2108 domini

216 2159 354 2223 Andrce‘
375 2165 408 2222 et
438 2179 568 2221 suorum
598 2158 763 2233 factorum,
793 2157 834 2220 ad
870 2157 1035 2241 pacificam
1068 2156 1310 2240 percepcionem
1340 2162 1373 2220 et

216 2268 415 2333 leuacionem
430 2270 594 2332 fructuum
612 2268 692 2331 dicti
707 2268 803 2330 officii
818 2267 996 2343 clericatus,
1011 2273 1044 2331 et
1058 2288 1115 2350 pro
1137 2266 1244 2350 spacio
1258 2265 1374 2330 huius·

216 2380 305 2442 modi
326 2380 404 2443 anni
426 2386 464 2442 ut
485 2379 683 2461 premittitur
705 2377 895 2458 duraturus;
917 2385 950 2442 et
972 2379 1032 2442 hoc
1053 2378 1271 2462 proquodam
1287 2384 1374 2442 certa

217 2510 343 2553 summa
357 2491 502 2573 pecunie,
518 2490 603 2554 dicto
626 2491 761 2573 Georgio
783 2491 989 2573 premanibus
1010 2497 1172 2574 gratanter
1186 2490 1220 2553 in
1235 2490 1374 2573 pecunia

216 2608 384 2677 numerata
412 2600 582 2684 persoluta,
609 2600 648 2664 de
678 2621 743 2683 qua
772 2601 878 2664 tenuit
908 2622 942 2665 se
971 2601 1077 2665 dictus
1108 2601 1263 2685 Georgius
1290 2600 1374 2666 bene

216 2711 357 2775 solutum
374 2720 407 2775 et
429 2718 625 2787 contentum,
640 2719 673 2775 et
695 2712 855 2793 quietauit
876 2713 1037 2794 prefatum
1051 2711 1207 2776 vicariurn
1222 2712 1374 2795 pension-

217 2824 320 2887 arium
347 2831 380 2886 et
401 2843 475 2886 suos
498 2823 573 2886 inde
595 2823 851 2906 imperpetuum:
874 2823 944 2900 Que
967 2824 1074 2887 omnia
1096 2830 1129 2888 et
1151 2823 1278 2907 singula
1301 2844 1374 2907 pre·

216 2936 322 3011 missa,
337 2935 438 2999 forma
459 2935 579 3018 pariter
600 2941 633 2998 et
655 2934 771 2998 effectu
787 2941 825 2997 ut
846 2942 1027 3017 pretactum
1042 2941 1099 3011 est,
1114 2935 1201 2998 idem
1216 2935 1373 3019 Georgius

216 3047 337 3132 obligat
359 3069 401 3124 se,
416 3068 491 3111 suos
512 3047 652 3122 heredes,
667 3053 851 3110 executores
867 3053 900 3110 et
922 3047 1108 3130 assignatos,
1124 3047 1159 3109 in
1179 3046 1318 3110 vberiori
1339 3056 1374 3112 et

216 3161 366 3225 strictiori
386 3161 487 3223 forma
502 3179 624 3223 camere
648 3157 828 3241 apostolice,
844 3165 877 3222 et
892 3158 952 3220 sub
973 3158 1065 3241 penis
1088 3158 1229 3241 periurii,
1243 3157 1373 3222 inabili·

216 3274 293 3337 tatis
309 3282 341 3336 et
356 3272 496 3348 infamio,
507 3271 618 3335 fraude
634 3278 667 3335 ct
682 3269 754 3333 dolo
766 3269 907 3345 seclusis,
916 3268 1146 3333 inviolabiliter
1160 3277 1193 3333 et
1208 3270 1373 3335 sinceriter

216 3385 400 3449 obseruare:
424 3384 527 3448 Peciit
542 3385 627 3448 idern
643 3382 781 3446 vicarius
795 3381 1016 3464 pensionarius
1034 3381 1264 3446 instrumenta:
1287 3383 1373 3447 Acta

215 3497 251 3559 in
278 3497 410 3560 ciuitate
437 3496 637 3579 Glasgnrensi,
659 3495 745 3558 intra
770 3501 861 3577 septa
881 3492 1050 3576 hospitalis
1077 3491 1187 3557 Sancti
1212 3493 1372 3572 Nicholai‚

215 3605 293 3668 hora
316 3606 409 3688 quasi
432 3608 466 3669 3·
487 3613 560 3688 post
582 3607 765 3685 meridiem;
794 3605 939 3681 testibus,
963 3603 1091 3667 domino
1113 3604 1135 3667 J
1138 3604 1263 3670 ohanne
1293 3605 1372 3671 Bra·

215 3715 338 3798 kanrig,
353 3715 527 3797 capellano,
542 3716 680 3780 Patricio
697 3717 902 3799 Cuiquhoun,
917 3724 950 3780 et
965 3715 1102 3780 Patricio
1118 3716 1271 3800 Mychell.

555 3985 627 4048 203.
651 3985 743 4047 Rana
767 3987 1026 4052 canonicarios.

257 4159 354 4220 Anno
383 4157 517 4220 Domini
551 4157 808 4241 quingentesimo
842 4168 941 4235 sexto,
971 4162 1066 4225 Jouis
1096 4161 1211 4245 quinta
1244 4161 1370 4240 Marcii,

212 4268 388 4333 indictione
403 4276 446 4344 κ’,
460 4269 666 4351 pontificatus
684 4270 706 4333 J
709 4269 768 4332 ulii
791 4268 835 4333 2⁶¹
851 4291 936 4333 anno
958 4272 1002 4347 4⁰,
1018 4280 1051 4335 et
1072 4273 1163 4356 regni
1180 4293 1264 4337 anno
1279 4273 1371 4337 xix⁰:

214 4380 260 4446 M.
287 4380 448 4445 Martinus
478 4380 576 4457 Reda,
602 4381 810 4446 cancellarius
834 4382 1051 4465 Glasguensis‚
1076 4391 1232 4468 patronus
1254 4385 1371 4451 unicus
