2994 4936
237 426 299 494 170
713 441 919 490 morocoria

72 621 129 661 au.
146 611 218 665 1507.
235 605 268 664 et
296 600 451 664 veraciter
488 599 631 664 confessa
659 598 732 678 fuit,
761 598 848 681 quod
877 598 917 662 ad
946 597 1131 662 huiusmodi
1160 599 1393 677 vendicionem,

115 703 178 714 '⁸‘
234 710 472 788 alienacionem,
495 718 528 776 et
550 711 809 794 resignacionem,
836 711 882 775 sio
907 717 945 774 ut
970 711 1169 794 premittitur
1193 711 1304 790 factas,
1326 731 1411 778 non,

234 823 298 887 fuit
319 830 410 887 metu
431 822 510 886 dicti
532 822 583 885 sui
603 822 719 899 mariti,
735 842 791 886 seu
817 821 1028 905 quouisrnodo
1050 821 1129 886 alias
1156 831 1273 899 coacta,
1289 843 1392 887 errore

233 934 333 1019 lapsa,
359 934 531 1017 seuquouis
561 933 691 997 sinistra
720 933 959 998 machinacionc
985 941 1042 997 eut
1064 933 1137 996 dolo
1163 935 1392 1011 circumuenta,

235 1046 291 1111 scd
307 1053 429 1129 sponte,
443 1045 550 1128 gratia,
566 1044 673 1121 libere,
689 1051 777 1108 etex
793 1052 878 1108 certa
893 1044 1031 1108 sciencia
1052 1044 1094 1107 ad
1115 1045 1270 1128 premissa
1284 1046 1392 1110 omnia

235 1164 268 1221 ct
298 1156 431 1241 singula,
459 1156 505 1219 sic
534 1161 572 1218 ut
601 1156 806 1238 premittitur,
833 1154 979 1218 facienda
1008 1162 1042 1218 et
1066 1163 1196 1238 propter
1224 1163 1391 1239 vigentem

234 1268 456 1332 necessitatem
479 1288 578 1343 suam,
601 1267 804 1350 proliumque
827 1287 957 1331 suarum
979 1267 1121 1350 inopiam
1150 1266 1391 1343 subleucndam,

234 1387 268 1444 ct
296 1378 404 1442 debita
432 1377 613 1455 releuanda,
642 1379 772 1461 penitus
802 1384 835 1442 et
864 1377 1115 1442 irreuocabiliter
1140 1378 1319 1443 consensit:
1347 1378 1392 1442 Et

233 1489 470 1565 nichilominus,
499 1488 540 1551 ad
569 1488 722 1552 maiorem
758 1489 916 1553 cautelam
953 1489 1187 1573 premissorum,
1217 1495 1251 1554 et
1280 1509 1390 1554 eorum

233 1599 366 1684 potioris
376 1600 496 1663 roboris
511 1600 703 1678 firmitatem,
713 1601 759 1663 cel
769 1621 861 1682 sapor
872 1601 973 1663 codem
980 1602 1163 1684 juramento
1173 1601 1242 1665 iam
1251 1603 1390 1684 procido,

233 1711 387 1796 promisit,
403 1717 599 1775 sacramento
621 1711 686 1775 iam
708 1712 852 1794 prestito,
867 1719 901 1775 ct
924 1712 1058 1777 firmiter
1080 1711 1200 1796 obligat
1223 1732 1257 1777 sc
1279 1720 1391 1777 eontra

233 1823 419 1887 huiusmodi
442 1824 673 1900 vendicionem,
695 1823 981 1900 renunciacionem,
1004 1829 1037 1886 ct
1058 1823 1319 1907 resignacionem
1343 1824 1389 1890 sic

234 1941 272 2000 ut
293 1936 500 2019 premittitur,
522 1956 579 2019 per
600 1956 671 2000 eam
694 1936 999 2017 factam,nrmquam
1020 1935 1055 1998 in
1073 1934 1196 2018 judicio
1217 1935 1270 2000 vel
1291 1941 1390 2014 extra,

233 2047 361 2131 publice
375 2047 428 2111 vel
451 2047 582 2123 occulto,
597 2046 717 2111 directe
731 2045 784 2109 vel
806 2045 970 2121 indirecte,
992 2066 1049 2128 per
1072 2065 1107 2110 sc
1129 2053 1187 2110 out
1209 2067 1267 2129 per
1288 2046 1389 2111 elium

233 2158 303 2222 eius
329 2158 466 2235 nomine,
489 2158 603 2241 quouis
630 2157 755 2239 quesito
782 2156 884 2220 coloro
910 2161 967 2218 cut
990 2156 1127 2239 ingenio,
1148 2156 1310 2236 deuenire,
1332 2166 1390 2223 aut

233 2269 353 2334 eisdem
373 2268 595 2343 contradicere,
610 2267 663 2331 vel
685 2288 849 2346 reuocarc3
872 2274 928 2330 aut
950 2266 1073 2330 dictum
1095 2267 1322 2347 subdecanum,
1336 2269 1388 2335 vel

233 2399 307 2444 suos
337 2379 521 2462 assignatos,
547 2378 587 2441 (16
611 2384 643 2442 et
670 2399 765 2461 super
791 2378 875 2442 dicto
901 2390 1008 2441 annuo
1033 2377 1169 2456 redditu,
1195 2384 1229 2444 ct
1256 2381 1391 2464 pacifica

232 2490 431 2573 possessione
446 2489 597 2566 ciusdem,
609 2509 709 2572 perse
720 2489 774 2553 vel
789 2489 954 2573 peralium
969 2489 1078 2573 aliquo
1088 2489 1182 2554 modo
1192 2492 1390 2574 perturbere,

231 2620 356 2676 vexare,
384 2599 437 2663 vel
466 2599 643 2676 molestare,
673 2621 731 2664 seu
760 2601 938 2684 perturbari
974 2621 1159 2684 procurare;
1195 2603 1251 2667 sed
1280 2604 1389 2688 potius

232 2711 355 2775 dictum
371 2710 588 2774 subdecanum
603 2717 636 2774 ct
651 2730 734 2787 suos,
750 2712 785 2773 iu
803 2711 875 2793 jure
898 2732 956 2774 suo
980 2719 1013 2775 et
1035 2712 1167 2795 pacifica
1188 2716 1389 2798 possessione

232 2820 376 2886 ciusdem
413 2821 513 2884 annui
549 2821 703 2898 redditus,
740 2821 909 2885 defendere
946 2829 980 2885 et
1016 2823 1119 2891 tueri:
1163 2824 1267 2890 Peciit
1302 2827 1388 2892 idern

232 2933 396 2997 Rolandus
408 2933 607 2997 subdecanus
619 2934 844 2997 instrumenta:
856 2933 940 2998 Acta
955 2954 1050 3018 super
1059 2935 1163 2999 solum
1173 2937 1389 3021 predictarum

232 3053 386 3110 terrarum
401 3046 479 3109 hora
494 3046 586 3129 quasi
601 3045 789 3110 duodecima
811 3045 845 3107 in
860 3045 1001 3121 moridie,
1016 3046 1068 3110 vel
1083 3048 1204 3112 eacirca
1212 3071 1220 3126 ;
1242 3049 1391 3128 testibus,

232 3159 362 3223 domino
376 3159 541 3223 Willelmo
557 3157 738 3234 Gartshore,
753 3166 786 3222 ct
800 3157 949 3221 iohanne
966 3158 1074 3241 Inglis.

692 3434 763 3502 217.
787 3433 927 3497 Bucam.

275 3607 372 3671 Anno
387 3608 520 3672 Domini
542 3608 713 3673 millesimo
735 3607 990 3692 quingentesimo
1006 3607 1151 3691 septimo,
1166 3607 1219 3673 die
1233 3608 1389 3675 Mercurii

231 3715 345 3779 vltimo
361 3719 483 3795 Marcii,
496 3718 670 3783 indictione
686 3728 729 3795 x‘,
739 3721 942 3801 pontificatus
952 3719 974 3782 J
977 3718 1034 3781 ulii
1048 3718 1091 3782 2⁶¹
1107 3740 1192 3783 anno
1203 3720 1388 3807 4⁰,etregni

231 3827 255 3891 J
256 3828 346 3890 acobi
361 3829 467 3909 quarti
490 3849 573 3891 anno
589 3830 678 3892 xix⁰:
700 3830 859 3893 Patricius
883 3830 1096 3912 Culquhoune
1112 3831 1151 3895 de
1167 3831 1261 3910 Glen‚
1275 3853 1389 3918 prepo·

231 3938 313 4002 situs
329 3938 537 4022 Glasgmensis
552 3960 609 4021 pro
631 3948 783 4022 tempore,
802 3963 865 4004 non
881 3942 913 4004 vi
930 3948 988 4005 cut
1002 3950 1093 4007 metu
1107 3943 1233 4022 ductus,
1247 3952 1317 4023 etc,
1331 3946 1389 4011 sed

232 4049 380 4114 omnibus
407 4051 592 4115 melioribus
619 4051 721 4125 modo
748 4051 809 4128 via,
832 4053 913 4135 jure,
940 4060 974 4116 ct
1000 4074 1104 4131 causa,
1130 4061 1198 4133 etc,
1225 4057 1329 4135 cessit,
1355 4066 1390 4124 et

231 4161 435 4225 renunciauit
463 4183 520 4245 pro
550 4183 593 4238 se,
623 4169 657 4226 et
686 4162 856 4226 heredibus
887 4164 962 4237 suis,
989 4172 1022 4228 et
1051 4168 1230 4251 assignatis,
1258 4168 1389 4235 cnidum

231 4272 413 4349 reuersioni,
439 4273 501 4337 sibi
527 4279 561 4338 et
586 4274 653 4337 suis
679 4272 850 4338 heredibus
876 4274 956 4339 alias
983 4275 1075 4354 facte,
1100 4288 1134 4344 et
1159 4280 1308 4365 sigillato,
1331 4302 1390 4367 per

231 4384 373 4451 Alanum
385 4383 472 4461 Hall,
484 4386 523 4450 ds
538 4393 571 4450 et
582 4405 677 4468 super
691 4384 795 4450 tribus
809 4386 894 4452 rodis
906 4394 988 4450 terre
1000 4393 1194 4474 campestris,
1204 4392 1390 4477 jacentibus
