2994 4936
229 421 293 488 174
701 433 907 481 rsoroeonm

64 620 121 659 sn.
140 608 213 662 15⁰7.
228 600 299 657 tum
328 592 487 669 sortiatur,
517 598 550 656 et
585 591 762 674 perducant
795 591 963 654 effectum:
1000 587 1133 671 Legauit
1169 592 1314 671 preterea
1350 586 1385 670 ij·

108 697 173 717 '*
228 704 345 768 fabrice
375 704 507 768 ecclesie
534 702 760 786 Glasguensis:
796 702 899 766 Peeiit
929 701 1014 765 idem
1044 700 1235 782 Goldsmyth
1265 700 1386 764 instru-

228 822 354 880 menta:
376 816 459 879 Acta
482 815 516 878 in
538 834 663 878 camera
684 813 827 878 eiusdem
848 813 934 877 intra
955 813 1121 876 ciuitatem
1143 811 1386 895 Glasguensam,

229 928 306 991 hora
328 928 362 990 3·
383 934 456 1011 post
471 926 645 1002 meridiem,
655 925 709 989 vel
724 925 860 1005 eaeirea3
882 924 1028 1001 testibus
1043 923 1066 988 J
1067 924 1192 988 ohanne
1208 921 1386 1013 Hugofeild

228 1047 262 1105 et
277 1040 416 1104 Roberto
432 1039 549 1101 Broun.

504 1311 574 1375 220.
599 1311 772 1388 Mamers,
788 1311 984 1374 Rosrnffln
1000 1311 1112 1372 Prusa

271 1486 369 1547 Anno
380 1483 522 1559 Domini,
534 1489 601 1560 etc,
612 1483 867 1567 quingentesimo
879 1483 948 1566 vij0,
959 1482 1011 1547 die
1024 1483 1122 1559 Lune,
1131 1481 1251 1546 mensis
1262 1479 1386 1564 Aprilis

229 1595 352 1660 decimo
367 1616 460 1672 nono,
475 1595 649 1659 indictione
664 1594 796 1671 decima,
810 1595 1016 1678 pontificatus
1031 1595 1054 1657 J
1056 1594 1116 1657 ulii
1131 1592 1175 1657 2⁶¹
1187 1613 1271 1656 anno
1293 1591 1337 1668 4⁰,
1352 1599 1386 1656 et

229 1709 319 1792 regni
334 1707 357 1772 J
358 1706 449 1771 scobi
469 1706 575 1791 quarti
596 1727 680 1770 anno
703 1707 777 1771 xix:
800 1707 844 1770 M.
861 1706 1045 1770 Alexander
1067 1705 1224 1781 Menteth,
1239 1704 1325 1787 prior
1346 1704 1387 1769 do

230 1819 416 1895 Rostenoth,
452 1839 537 1882 vnus
573 1818 736 1894 heredum,
773 1824 811 1882 ut
848 1817 995 1911 assentit,
1031 1815 1193 1900 quondam
1237 1815 1387 1900 Magistri

229 1929 252 1994 ,J
254 1930 390 1994 ohannis
418 1930 619 2013 Goldsmyth,
645 1930 757 1994 vicarii
784 1930 823 1994 de
850 1929 1006 1994 Oathkert
1031 1935 1064 1992 et
1089 1927 1221 2004 Estuod,
1242 1927 1342 2010 peciit
1367 1947 1388 1992 a

231 2042 396 2106 Willelmo
427 2041 556 2105 Salmon
587 2048 619 2105 et
649 2042 777 2105 domino
807 2042 928 2104 Thema
960 2041 1070 2123 Spens,
1100 2039 1323 2104 executoribus
1353 2047 1388 2105 et

230 2152 501 2217 intromissoribus
516 2153 680 2228 bonorum,
695 2161 732 2216 vt
746 2154 889 2228 asseruit,
905 2152 984 2216 dicti
998 2152 1160 2234 quondam
1181 2150 1336 2228 defuncti,
1350 2171 1388 2216 ac

231 2264 332 2327 eciam
347 2285 366 2327 a
381 2265 427 2327 M.
444 2263 585 2326 Martino
601 2263 689 2326 Rode
708 2263 895 2326 cancellario
918 2261 1117 2346 Glasguensi,
1132 2262 1251 2327 eisdem
1272 2282 1389 2328 execu-

232 2375 354 2438 toribus
370 2375 539 2456 superiore,
554 2373 696 2450 habenti,
711 2380 748 2436 vt
763 2374 831 2456 ipse
846 2374 1030 2438 Alexander
1052 2373 1194 2451 asseruit,
1209 2372 1389 2438 custodiam

232 2485 374 2548 clauium
401 2505 596 2548 camerarum
618 2485 697 2549 dicti
719 2485 872 2562 defuncti,
894 2485 949 2548 vbi
971 2485 1055 2548 bona
1076 2484 1221 2549 eiusdem
1242 2484 1390 2550 defuncti

231 2604 306 2659 actu
328 2596 517 2671 existebant,
538 2595 708 2660 dimidium
731 2584 875 2660 omnium
897 2596 1052 2659 bonorum
1073 2595 1242 2659 mobilium
1263 2596 1390 2662 heredi·

232 2706 384 2769 tariorum
400 2705 478 2769 dicti
492 2705 636 2770 defuncti
652 2707 714 2769 sibi
730 2707 901 2789 pertinens,
916 2714 953 2770 vt
974 2707 1030 2768 vni
1052 2705 1207 2769 heredum
1226 2707 1390 2773 eiusdem:

232 2819 368 2882 Necnon
393 2838 490 2880 vnam
515 2823 622 2901 togam
644 2817 684 2882 de
705 2818 736 2880 le
759 2823 871 2892 russet,
893 2824 926 2880 et
948 2823 1071 2880 emtam
1096 2821 1203 2899 togam
1226 2818 1267 2883 de
1290 2820 1391 2905 nigro,

233 2931 313 3013 qu'as
335 2930 414 2994 emit
437 2930 476 2992 ab
498 2904 835 2992 Andrea'Mortimare
860 2927 896 2991 in
922 2927 1045 3003 Donde,
1067 2934 1100 2990 et
1125 2927 1259 2993 tradidit
1284 2932 1389 2997 eidem

235 3043 447 3126 Goldsmyth3
477 3049 510 3107 et
538 3049 681 3126 preterea
710 3040 837 3104 diuersa
862 3039 926 3103 alia
953 3039 1038 3103 bona
1062 3039 1202 3117 mobilia,
1231 3047 1328 3123 prout
1352 3043 1388 3105 in

233 3154 413 3219 inuentario
428 3154 507 3218 dicti
522 3153 699 3218 Alexandri
714 3151 812 3216 michi
827 3151 949 3215 notario
969 3151 1126 3234 posterius
1148 3151 1266 3235 scripto
1286 3152 1387 3233 porri-

232 3267 336 3350 gendo
350 3287 408 3349 per
423 3265 559 3330 eundem
575 3263 806 3329 continebitur:
829 3264 964 3327 Necnon
979 3262 1086 3326 omnia
1100 3262 1182 3344 jura,
1196 3261 1385 3324 documenta

234 3377 425 3454 euidencias,
447 3399 483 3442 ac
509 3378 715 3453 monimenta,
737 3375 808 3452 sibi,
831 3375 962 3457 suisque
988 3373 1159 3438 hereditati
1179 3375 1211 3435 et
1231 3367 1385 3433 beneficio

234 3488 438 3569 pertinencia,
453 3489 539 3552 intra
561 3489 662 3553 (betas
677 3507 816 3552 cameras
839 3485 1030 3550 existencia:
1053 3486 1250 3549 Protestatus
1271 3479 1387 3545 solem·

233 3598 326 3673 niter,
341 3618 397 3679 pro
420 3599 487 3662 suis
509 3599 657 3682 dampnis
680 3607 713 3664 et
734 3600 895 3674 interesse,
918 3604 951 3661 et
972 3596 1111 3661 remedio
1130 3595 1212 3678 juris
1233 3593 1390 3671 habendo,

234 3727 310 3770 casu
326 3727 389 3788 quo
404 3707 483 3772 dicti
498 3718 681 3773 executores
704 3717 737 3774 et
759 3710 902 3793 superior
916 3707 1101 3771 huiusmodi
1118 3707 1210 3784 bona,
1224 3706 1390 3772 nominata

234 3824 267 3881 et
288 3817 483 3880 nominanda
497 3817 584 3900 apud
599 3839 632 3882 sc
655 3840 674 3882 a
696 3819 781 3884 dieto
803 3828 941 3903 petente,
957 3825 990 3883 et
1004 3820 1039 3882 in
1054 3818 1267 3902 preiudicium
1287 3818 1391 3903 ipsius

234 3928 418 4006 detineant;
440 3948 477 3991 ac
492 3929 593 3991 eciam
608 3927 648 3992 de
664 3950 729 3992 non
751 3930 874 4007 dabilis,
889 3938 946 3994 aut
967 3930 1182 3995 deliberandis
1203 3930 1392 3995 huiusmodi

230 4039 366 4124 juribus,
389 4046 422 4103 et
443 4038 651 4115 documentis,
674 4045 707 4102 et
728 4042 934 4105 memineritis
956 4040 1053 4106 alicui
1075 4040 1176 4118 alteri,
1199 4040 1264 4106 nisi
1285 4040 1392 4105 solum

235 4152 296 4216 sibi
310 4150 509 4235 protestanti,
524 4149 559 4212 in
574 4149 787 4232 preiudicium
803 4171 859 4214 sue
874 4152 1061 4216 hereditatis
1076 4160 1109 4217 et
1124 4152 1289 4218 beneficii:
1307 4152 1341 4218 N
1341 4173 1392 4219 aa·

235 4283 300 4327 non
315 4261 355 4326 de
373 4260 518 4326 habendo
540 4260 638 4324 libros
653 4267 687 4324 et
701 4259 764 4324 alia
785 4261 870 4326 bona
884 4262 969 4326 intra
983 4262 1086 4328 dictas
1101 4284 1240 4329 cameras
1255 4263 1392 4343 venalia

235 4380 269 4442 ct
289 4371 508 4460 apprecianda,
529 4392 586 4456 pro
611 4371 717 4456 precio
743 4373 936 4456 competenti
957 4373 1053 4437 dictis
1075 4374 1299 4440 executoribus
1319 4395 1395 4461 par·
