2994 4936
263 421 327 488 476
742 438 947 486 raoroconm

102 624 158 662 ao.
176 614 248 664 1512.
263 594 349 657 diem
365 615 470 658 coram
485 596 615 678 prefatis
631 596 863 668 commissoriis,
875 617 931 679 per
946 596 1054 661 literas
1069 598 1233 662 citatorias
1248 598 1412 662 eorundem

142 705 208 717 '-
264 706 561 783 commissariorum
574 715 607 771 et
622 708 656 770 in
671 707 791 772 iudicio
806 728 991 791 comparens
1007 729 1112 772 coram
1123 708 1256 785 eisdem,
1265 715 1300 773 et
1311 708 1368 772 hoc
1378 707 1411 771 sd

262 816 452 881 instantiam
468 819 546 882 dicti
562 819 711 902 Magistri
727 819 863 882 Martini
880 820 975 898 Rede,
985 827 1058 902 post
1068 819 1195 884 libellos
1208 830 1368 902 porrectos
1382 820 1411 882 in

263 928 446 993 documenti
472 931 580 1005 forma,
602 931 638 992 in
660 930 779 994 iudicio
802 951 907 994 coram
933 932 1063 1013 prefatis
1085 932 1323 1007 commissoriis,
1345 909 1411 994 con·

262 1040 401 1105 tinentes
423 1042 614 1123 petitionem
636 1041 779 1105 eiusdem
802 1042 946 1118 Martini,
969 1050 1002 1106 et
1026 1047 1171 1125 receptos
1195 1063 1254 1124 per
1279 1043 1411 1125 prefatos

262 1153 391 1229 iudices,
407 1154 505 1236 peciit
520 1152 643 1235 copiam
666 1153 899 1217 commissionis
918 1154 1039 1217 eisdem
1060 1154 1255 1217 comissariis
1278 1155 1369 1229 facte,
1382 1162 1411 1217 et

260 1265 434 1326 terminum
457 1265 497 1327 od
520 1264 692 1327 dicendum
715 1272 824 1328 contra
845 1264 1075 1341 comissionem,
1090 1264 1213 1328 iudices
1238 1274 1271 1328 ct
1292 1264 1409 1341 locum;

259 1382 437 1456 protestans
454 1374 627 1437 solenniter
649 1375 688 1438 de
710 1395 775 1437 non
797 1374 946 1438 intrando
961 1375 1035 1439 lites
1054 1395 1159 1438 coram
1175 1375 1297 1439 eisdem
1309 1376 1409 1453 :oui-

258 1484 389 1567 quidem
415 1485 537 1548 iudices
561 1485 794 1567 responderunt
820 1506 853 1549 se
880 1485 963 1549 velle
989 1485 1156 1550 decernere
1183 1487 1299 1563 eidem,
1321 1496 1410 1570 prout

257 1596 475 1672 decreuerunt,
484 1596 608 1678 copiam
621 1596 862 1672 commissionis,
872 1603 904 1660 et
916 1597 1010 1659 hodie
1022 1597 1062 1659 ad
1074 1617 1218 1660 mensem
1229 1599 1410 1674 terminum,

256 1706 296 1769 ud
312 1706 567 1789 respondendum
587 1706 716 1783 libellis,
740 1707 835 1770 etad
857 1707 1028 1772 dicendum
1051 1715 1160 1771 contra
1183 1711 1356 1791 premissa;
1380 1720 1410 1773 et

256 1819 465 1882 decreuerunt
480 1826 587 1882 actum
611 1818 723 1881 confici
746 1839 802 1900 per
823 1839 875 1882 me
897 1819 1057 1882 notarium
1079 1839 1175 1902 super
1196 1822 1410 1903 propositione

255 1951 349 1994 cause
364 1951 422 2013 per
436 1931 557 1994 dietum
574 1930 766 2011 Magistrum
778 1930 965 2005 Martinum,
978 1938 1010 1993 et
1021 1931 1217 2012 porrectione
1229 1931 1410 1996 libellorum

255 2043 289 2103 in
304 2042 423 2105 iudicio
439 2063 495 2124 per
510 2042 657 2116 cundem,
673 2047 705 2103 et
720 2041 847 2104 decreto
868 2041 1040 2105 eorundem
1063 2042 1205 2105 iudicum
1222 2050 1255 2107 et
1270 2046 1410 2128 assigna-

255 2154 343 2217 tione
359 2154 472 2236 preiati
489 2153 634 2217 temriui:
659 2152 760 2215 Peciit
776 2152 861 2215 idern
876 2152 1038 2216 Walterus
1053 2153 1274 2218 instrumenta.

601 2424 671 2487 619.
696 2424 789 2485 Reos
805 2424 1065 2486 Crucstnoaros.

298 2595 360 2658 Die
385 2594 523 2672 Sabbati,
547 2596 602 2656 xix
626 2596 749 2671 Marcii,
773 2596 897 2678 require
922 2597 956 2658 in
980 2596 1075 2660 titulo
1097 2597 1290 2682 Abyrnethy
1314 2621 1408 2684 supra

253 2706 373 2789 posito:
404 2705 535 2768 Eisdem
557 2726 614 2787 per
636 2708 760 2769 omnio:
786 2707 874 2769 Dioti
898 2709 1105 2771 commissarii
1129 2711 1273 2793 receptis,
1297 2711 1408 2775 huius-

252 2818 340 2881 modi
376 2816 505 2893 libellis
537 2816 725 2880 obtulerunt
759 2816 897 2880 alterum
935 2820 1107 2883 eorundem
1137 2821 1223 2884 dieto
1254 2822 1410 2906 Magistro

254 2931 395 2994 Waltero
407 2929 607 3013 Abyrnethy,
620 2930 675 3012 qui
691 2930 851 2992 recusauit
866 2932 1005 3013 recipere
1017 2931 1201 2995 huiusmodi
1212 2933 1362 2997 libellum
1374 2937 1408 2998 in

252 3043 392 3106 iudicio:
414 3042 517 3106 Peciit
533 3042 617 3105 idern
634 3040 841 3106 cancellarius
857 3042 1077 3106 instrumenta.

684 3317 753 3378 620.
778 3317 982 3378 Auransrrrr.

294 3489 423 3553 Eisdem
446 3488 650 3572 peremnia:
673 3488 825 3551 Confecto
848 3488 1031 3551 huiusmodi
1051 3499 1122 3553 acto
1145 3512 1240 3574 super
1262 3497 1405 3576 proposi·

153 3602 155 3607 ’
250 3601 336 3663 tione
360 3621 452 3663 cause
476 3607 508 3664 et
528 3600 724 3681 porrectione
749 3598 931 3662 libellorum
958 3601 1122 3677 eiusmodi,
1145 3609 1178 3665 et
1202 3605 1340 3668 termino
1364 3607 1404 3670 ad

249 3711 505 3792 respondendum
528 3711 657 3785 eisdem,
680 3718 712 3772 et
739 3709 865 3773 decreto
887 3712 1183 3788 commissariorum,
1206 3720 1239 3778 et
1261 3718 1403 3801 assigna-

250 3823 335 3885 tione
358 3823 487 3884 termiui
511 3822 626 3904 prefati
656 3822 696 3884 ad
727 3821 984 3904 respondendum
1013 3822 1141 3900 libellis,
1167 3834 1200 3889 et
1229 3827 1403 3893 dicendum

248 3942 358 3997 eontra
380 3933 642 4007 commissionem,
666 3932 787 3996 iudices
812 3938 844 3996 et
866 3933 981 4010 locum,
1003 3935 1108 3998 dietus
1136 3937 1292 4020 Magister
1313 3940 1404 4005 Wal-

247 4054 341 4109 terus.
356 4044 505 4128 opposuit
527 4065 560 4106 sc
583 4050 693 4106 eontra
715 4044 897 4107 huiusmodi
913 4055 1021 4108 octurn
1039 4054 1072 4110 et
1094 4055 1236 4113 tenorem
1251 4051 1404 4130 ciusdem,

247 4179 390 4221 asserens
413 4155 645 4220 commissarios
668 4176 736 4219 esse
759 4156 820 4219 sibi
843 4157 994 4238 partiales
1017 4159 1051 4220 in
1078 4179 1173 4223 causa
1195 4162 1349 4244 predicta,
1369 4174 1404 4230 et

247 4270 347 4334 faeere
363 4270 424 4334 sibi
440 4269 599 4344 iniuriam,
612 4288 651 4331 ex
667 4288 704 4331 eo
719 4268 804 4350 quod
817 4269 972 4332 terminus
984 4272 1198 4353 responsionis
1209 4273 1402 4353 libellorum,

247 4389 279 4443 et
294 4382 451 4444 terminus
468 4380 700 4443 commissionis
715 4387 748 4443 et
763 4379 803 4449 ed
819 4380 990 4443 dicendum
1006 4390 1116 4447 contra
1127 4384 1270 4462 eandem,
1280 4387 1403 4452 iudices
