2994 4936
222 428 285 490 214
693 440 899 487 rnoroconm

57 599 339 664 r.r.1507.habere
362 599 521 682 cupienti:
550 598 745 681 Quiquidom
767 617 899 680 persepe
923 595 1107 678 requisitus,
1130 594 1247 659 donare
1272 614 1378 658 recus-

221 711 291 774 auit
320 717 353 775 et
383 710 582 786 detractauit,
604 730 748 773 asserens
772 708 820 770 nil
850 707 938 771 aliud
964 707 1088 790 prefato
1111 705 1378 771 reuerendissimo

221 822 307 905 patri
329 843 362 886 se
384 821 468 886 velle
490 821 616 898 donare,
638 827 745 904 preter
759 819 918 883 dictorum
940 826 1132 883 assertorum
1153 818 1378 882 mandatorum

222 942 443 1017 transsumpta
473 932 593 996 ibidem
622 932 657 994 in
687 931 831 995 medium
861 931 1000 994 adducta
1022 951 1041 993 a
1063 930 1131 994 suis
1161 928 1380 1013 originalibus,

223 1052 318 1128 prout
340 1044 507 1108 euidenter
521 1044 670 1126 apparuit
691 1064 733 1107 ex
754 1042 877 1106 lectura
899 1042 1049 1125 Magistri
1071 1041 1231 1105 lobannis
1247 1040 1380 1117 Gibson,

222 1156 338 1220 notarii
375 1155 505 1238 publici,
532 1154 626 1218 aliter
655 1155 689 1216 in
720 1160 810 1236 parte
840 1152 952 1217 eadem
984 1151 1137 1216 mandata
1173 1151 1310 1236 legentis
1347 1143 1381 1215 et

223 1266 454 1350 prosequentis,
484 1286 611 1348 queque
634 1266 669 1328 in
691 1264 786 1328 dictis
817 1264 1045 1346 transsumptis
1067 1284 1124 1346 per
1146 1283 1198 1327 me
1220 1263 1380 1326 notarium

223 1376 390 1460 publicum
419 1376 659 1459 infrascriptum
689 1375 820 1438 interim
850 1374 1021 1458 diligenter
1052 1375 1205 1457 inspectis
1236 1380 1269 1438 et
1305 1393 1381 1437 con-

225 1488 381 1563 sideratis,
411 1487 569 1550 contineri
599 1487 667 1550 vidi
697 1486 914 1568 discrepancia
944 1494 977 1551 et
1013 1485 1215 1561 dissidemus,
1245 1485 1380 1568 quequi-

225 1599 298 1663 dem
334 1605 555 1681 transsumpta
581 1598 666 1681 apud
698 1597 822 1661 dictum
855 1598 1158 1662 reuerendissimum
1188 1617 1382 1674 remansura,

226 1711 253 1774 si
282 1710 405 1786 liberet,
435 1709 553 1773 donare
582 1730 647 1772 non
676 1716 853 1773 recusaret:
890 1709 933 1773 Et
970 1708 1209 1784 nichilominus,
1238 1708 1410 1792 prefatus·

226 1822 375 1886 dominus
411 1821 549 1885 Thomas
586 1821 726 1904 Nuthry,
762 1822 803 1884 ab
841 1821 952 1884 eodem
988 1820 1257 1884 renerendissimo
1292 1827 1383 1904 patre

226 1943 363 2018 rogatus,
394 1933 422 1997 si
450 1933 543 2016 plura
579 1934 688 2017 vigore
717 1932 873 1996 dictorum
905 1932 1137 2007 mandatorum,
1167 1937 1225 1994 aut
1253 1931 1383 1996 nomine

226 2045 369 2128 ipsorum
398 2045 668 2109 constituencium
697 2064 807 2108 secum
836 2043 948 2120 voluit,
973 2050 1030 2106 aut
1057 2042 1180 2126 aliquid
1204 2041 1245 2106 ab
1271 2041 1383 2106 eodem

210 2164 335 2261 ‘petere
358 2164 416 2220 aut
437 2156 554 2219 habere
577 2155 725 2239 placeret,
748 2154 849 2219 nichil
871 2160 991 2218 extunc
1013 2155 1053 2217 ab
1076 2154 1163 2218 dicto
1185 2153 1384 2218 reuerendis-

227 2269 309 2331 simo
323 2275 414 2351 patre
437 2288 470 2330 se
493 2274 609 2349 petere,
625 2275 682 2329 ant
704 2265 890 2342 desiderare,
906 2273 963 2329 aut
985 2286 1095 2330 secum
1116 2265 1210 2342 velle,
1231 2266 1384 2349 respond-

227 2379 309 2441 endo
325 2379 408 2441 dixit
423 2385 456 2441 et
470 2377 622 2441 asseruit:
639 2378 741 2441 Peciit
756 2378 841 2441 idem
852 2376 1136 2441 reuerendissimus
1152 2377 1384 2442 instrumenta:

227 2490 310 2551 Acta
332 2489 367 2551 in
389 2488 521 2552 eeclesia
545 2488 744 2571 Glasguensi,
759 2489 836 2551 hora
858 2489 949 2571 quasi
972 2488 1161 2552 duodecima
1183 2489 1219 2552 in
1234 2488 1383 2566 meridie;

225 2598 372 2683 testibus,
388 2599 552 2681 Magistris
568 2606 600 2662 et
615 2599 753 2662 dominis
768 2600 877 2662 Dauid
893 2600 1070 2682 Conigham
1085 2599 1222 2676 officiali,
1238 2599 1384 2664 Rolando

228 2709 389 2785 Blacader,
404 2710 426 2772 J
429 2709 553 2772 ohanne
576 2710 708 2786 Gibson,
731 2710 870 2774 Roberto
893 2710 999 2787 Clark,
1021 2711 1183 2775 canonicis
1206 2710 1384 2796 Glasgnen·

227 2822 323 2898 sibus,
339 2820 477 2885 Patricio
500 2821 668 2897 Coventre,
682 2820 833 2885 iohanne
856 2821 1013 2898 Rankine,
1028 2823 1220 2905 presbiteris,
1234 2822 1385 2888 Johanne

228 2934 378 3009 Gibsone,
411 2933 547 3016 juniore,
584 2932 742 2996 Richardo
780 2932 967 3016 Fergusson,
1004 2933 1137 2998 notariis
1166 2933 1315 3018 publicis,
1351 2943 1385 2998 et

228 3047 365 3111 Roberto
388 3044 550 3120 Maxwell,
573 3043 693 3109 clerico.

710 3322 780 3383 268.
806 3319 899 3382 Inuu.

269 3493 374 3570 Anno,
399 3493 460 3569 die,
484 3515 601 3570 mense,
627 3493 810 3569 indictione,
836 3491 1033 3576 pontificatu,
1059 3491 1145 3569 hora,
1171 3491 1250 3569 loco,
1277 3509 1383 3556 coram

226 3603 363 3666 testibus
387 3605 504 3686 quibus
527 3604 711 3669 immediate
733 3625 846 3687 supra:
880 3603 1177 3668 Reuerendissimus
1198 3603 1234 3666 in
1257 3600 1385 3668 Christo

226 3717 325 3794 pater,
369 3718 438 3788 etc,
487 3714 646 3779 Rohertns
690 3715 901 3799 Glasguensis
943 3715 1211 3800 archiepiscopus
1255 3713 1386 3778 domino

227 3821 361 3904 Georgia
392 3822 495 3898 Blare,
518 3823 691 3906 capellano,
717 3833 838 3890 asserto
867 3833 1051 3910 presentato
1080 3846 1138 3910 per
1167 3825 1316 3889 abbatem
1345 3825 1386 3889 da

226 3932 369 3996 Passleto
385 3940 418 3996 et
432 3940 628 3997 conuentum
643 3935 787 3999 eiusdem
803 3937 922 4000 ordinis
938 3937 1170 4014 Cluniaceusis,
1180 3937 1220 4000 ad
1232 3937 1386 4001 vicariam

224 4049 411 4126 perpetuam
433 4043 565 4108 ecclesia
588 4045 793 4127 parrochialis
815 4047 855 4112 de
879 4049 1081 4132 Kirkpatrik‚
1097 4070 1153 4113 sue
1177 4048 1387 4132 Glnsguansis

225 4152 368 4229 diocesis,
392 4155 598 4219 collacionem
628 4156 821 4220 ordinariam
850 4180 946 4242 super
975 4161 1114 4242 quadam
1144 4159 1387 4243 presentacione

225 4264 384 4330 dictorum
399 4266 524 4330 abbatis
539 4274 572 4331 et
587 4274 765 4332 conuentus
788 4269 892 4334 eidem
908 4271 1038 4336 domino
1054 4271 1190 4355 Georgio
1204 4270 1386 4356 principali,

86 4380 139 4435 rol.
154 4384 192 4436 tt.
225 4383 260 4443 st
280 4376 315 4442 in
330 4377 442 4478 eadem
463 4377 685 4463 principaliter
706 4379 881 4459 nominato,
895 4381 936 4446 de
958 4389 993 4446 at
1013 4402 1110 4465 snper
1131 4382 1244 4448 eadem
1265 4381 1388 4448 vicaria
