2994 4936
249 396 313 461 456
551 378 558 389 ’
727 410 933 459 raoroootm

87 597 144 636 aa.
163 583 234 633 rara.
251 576 359 633 tenore
374 569 571 652 presentium
586 568 718 653 obligati
740 568 862 652 prefato
884 568 1004 633 decano
1027 576 1061 632 et
1081 568 1330 632 successoribus
1344 567 1408 641 ania

131 676 197 687 “““
251 681 389 763 recipere
401 687 437 765 et
459 681 563 744 locare
585 680 724 744 decimas
746 680 890 764 garbales
908 680 1077 743 annuatim
1092 679 1302 763 pertinentes
1324 678 1409 743 dietis

252 793 390 870 decanis,
405 793 490 857 intra
504 793 625 856 bondas
645 793 730 857 dicte
752 792 842 875 pecie
857 798 940 856 terre
955 791 1139 866 seruandae,
1154 797 1191 855 et
1213 791 1287 856 sine
1308 788 1409 855 fraude

252 904 486 980 custodiendas,
500 904 553 969 vel
567 904 713 968 inuenire
728 903 830 967 alium
851 903 959 967 locum
981 902 1160 985 propitium
1181 902 1274 979 alibi,
1289 902 1408 986 placen

252 1023 320 1081 tem
331 1017 426 1081 dictis
437 1016 574 1092 decanis,
585 1036 642 1098 pro
654 1015 834 1098 receptione
846 1015 1003 1078 dictarum
1015 1014 1216 1101 decimarum
1226 1014 1408 1097 garbalium,

103 1130 156 1182 rol.
171 1133 228 1182 14⁹·
253 1135 287 1194 et
302 1128 446 1193 custodia
460 1148 567 1191 annua
581 1126 763 1202 earundem,
778 1125 819 1189 ad
841 1127 1004 1209 optionem
1023 1131 1056 1189 et
1075 1124 1324 1208 beneplacitum
1338 1124 1408 1189 dicti

254 1240 368 1304 decani
389 1246 422 1303 et
444 1259 662 1302 successorum
681 1258 819 1312 suorum,
835 1237 870 1300 in
885 1257 948 1320 quo
963 1237 1048 1300 dicte
1064 1236 1186 1299 decime
1203 1236 1297 1301 salue
1312 1244 1408 1321 poter·

254 1357 314 1413 unt
337 1349 458 1413 seruari
484 1355 516 1412 et
541 1347 730 1431 indempnes
760 1349 937 1424 annuatim,
969 1345 1096 1430 quando
1126 1347 1271 1430 desuper
1294 1346 1408 1412 fuerint

255 1459 410 1542 requisiti,
434 1465 468 1523 et
491 1479 555 1521 non
582 1459 660 1523 alias
691 1460 785 1524 aliter
814 1480 918 1542 neque
948 1459 1010 1522 alio
1040 1459 1155 1522 modo:
1193 1459 1301 1523 Peciit
1331 1456 1408 1522 idem

255 1571 394 1634 decanus
408 1570 537 1633 nomine
552 1571 680 1653 proprio
696 1578 728 1634 et
744 1591 873 1633 suorum
888 1590 1106 1634 successorum
1121 1570 1349 1634 instrumenta

665 1847 735 1908 593.
760 1846 1005 1933 Harmrprooa.

302 2019 432 2082 Eisdem
456 2019 658 2102 peremnia:
684 2018 844 2081 Dominus
867 2018 1012 2080 Andreas
1035 2014 1217 2092 Merselrcll,
1240 2015 1411 2079 canonicus

258 2130 475 2214 Glasgueneis,
493 2152 577 2194 unus
600 2130 743 2193 iudicum
766 2128 981 2212 delegatorum
1004 2128 1088 2192 sedis
1110 2125 1293 2210 apostolice,
1308 2128 1412 2210 vigore

259 2243 490 2306 commissionis
504 2242 667 2325 premisse,
682 2242 801 2305 directe
822 2261 917 2323 super
938 2240 1119 2324 cognitione
1141 2238 1220 2301 dicti
1243 2238 1359 2301 domus
1380 2238 1411 2300 in

261 2353 495 2436 Hammyltoun
511 2354 591 2416 dicti
614 2353 762 2436 Magistri
776 2352 893 2427 Dauid,
909 2351 1011 2414 locate
1027 2371 1122 2433 super
1143 2349 1271 2432 glebam
1286 2348 1413 2414 ecclesi·

259 2465 391 2527 osticam
414 2464 525 2527 decani
549 2464 765 2546 Glasguonsis‚
792 2463 1013 2546 subdelegauit
1042 2462 1208 2525 dominum
1239 2462 1413 2526 Robertum

261 2574 357 2637 Clerk
380 2594 436 2655 pro
459 2593 492 2636 ee
514 2574 549 2635 in
571 2582 639 2635 tota
661 2574 846 2637 huiusmodi
868 2595 963 2638 eausa
985 2573 1216 2638 commissionis
1239 2573 1302 2636 sibi
1325 2573 1415 2647 facte,

259 2704 361 2767 vsque
383 2684 424 2747 ad
446 2684 542 2746 finem
566 2684 730 2748 definitive
746 2685 955 2767 prolationem
970 2685 1135 2761 inclusive,
1151 2693 1183 2748 et
1205 2685 1324 2748 hocin
1348 2705 1414 2768 pre·

260 2797 363 2861 sentia
388 2795 466 2860 dicti
493 2795 615 2858 domini
638 2796 749 2859 decani
773 2796 997 2875 Glasguensis:
1023 2797 1126 2858 Peciit
1148 2796 1234 2859 idern
1262 2797 1416 2880 Magister

260 2909 369 2973 Dauid
386 2907 619 2992 Harmnyltoun
636 2909 856 2972 instrumenta.
1424 2907 1430 2913 '

718 3189 787 3249 594.
813 3188 962 3249 lluanar.

305 3359 367 3424 Dic
389 3360 532 3436 Veneris,
547 3360 626 3442 xxiij
651 3361 769 3423 mensis
792 3345 998 3434 duliianno,
1020 3358 1202 3433 indictione,
1217 3358 1417 3440 pontificatu,

261 3471 378 3552 quibus
404 3492 508 3555 supra,
531 3471 565 3533 in
591 3470 660 3534 loeo
687 3471 855 3554 capitulari
882 3470 1013 3534 ecclesie
1041 3470 1257 3553 Glasguensis,
1279 3469 1358 3532 hora
1385 3469 1416 3553 xj

261 3588 336 3643 aute
362 3582 528 3645 meridiem
552 3580 605 3644 vel
630 3582 721 3657 cirea,
746 3582 881 3645 testibus
908 3581 1046 3643 dominis
1069 3580 1189 3643 Jaeobo
1214 3580 1418 3655 Canniclrell

259 3690 389 3754 Andrea
405 3692 562 3767 Mosman,
577 3693 769 3773 presbiteria,
782 3692 976 3755 Arelribaldo
992 3691 1126 3766 ll'ilson‚
1139 3692 1277 3754 lieberto
1293 3691 1418 3755 Perter-

260 3800 347 3876 seild‚
362 3801 384 3863 J
386 3801 510 3866 ohanne
527 3803 633 3884 Keyn,
643 3812 676 3866 et
690 3802 855 3866 Willelmo
872 3804 988 3879 Brenn,
1000 3802 1099 3877 laic-ia,
1111 3801 1260 3864 domiuus
1275 3801 1419 3866 Jacobus

261 3913 393 3988 Murref,
408 3911 550 3995 allegans
573 3934 607 3977 se
630 3934 698 3977 esso
721 3915 855 3977 citatum
878 3935 935 3996 per
957 3914 1142 3977 citationem
1157 3912 1419 3976 reuerendissimi

260 4024 369 4108 patris,
385 4023 498 4087 Jacobi
525 4023 732 4107 Glasguensis
756 4024 994 4107 archicpiscopi,
1018 4025 1242 4087 contimiatum
1266 4023 1306 4086 ad
1331 4023 1419 4089 hunc

260 4136 354 4213 diem,
369 4135 410 4199 ad
433 4135 621 4198 instantiam
646 4135 792 4219 Magistri
819 4136 946 4199 liuberti
973 4135 1191 4209 ll'alteriaton,
1206 4134 1247 4197 ad
1267 4134 1418 4198 effectum

260 4256 447 4314 contentum
463 4247 496 4309 in
512 4246 697 4309 huiusmodi
720 4247 881 4321 citatione,
897 4246 1048 4310 offerebat
1073 4269 1106 4310 so
1131 4252 1209 4310 tunc
1232 4252 1418 4329 promptum

260 4366 294 4422 et
322 4366 470 4442 paratum
499 4358 689 4441 respondere
719 4359 898 4440 cuicunque
929 4358 1026 4420 iudici
1057 4359 1117 4421 sibi
1155 4358 1352 4440 competenti
1382 4358 1418 4421 in
