2994 4936
206 397 271 462 430
681 415 889 464 Paorooonm

60 593 98 632 ,n
118 583 190 634 1511.
205 569 360 633 iuriarum
385 572 553 653 sequentia
578 571 764 655 protulisset
789 571 829 636 de
853 573 924 656 ipso
942 572 1105 657 Magistro
1135 574 1360 655 Willelmqin

86 674 152 685 ““
204 681 366 764 presentia
389 682 469 746 dieti
495 683 539 746 M.
564 683 636 747 Ade
662 690 696 747 et
720 684 944 748 uniuersorum
969 683 1121 762 aliorum,
1148 687 1227 765 via,
1252 688 1362 753 Maste

204 792 352 856 William
378 793 487 857 Broun
513 794 542 857 is
568 815 628 858 ane
655 794 723 871 fals,
737 815 947 859 manesuorne
969 794 1065 873 lown,
1089 796 1152 861 vel
1182 799 1307 865 similia
1329 800 1359 863 io

204 905 328 984 effectu,
345 905 455 969 statim
470 911 507 968 vt
526 905 712 969 huiusmodi
726 907 824 970 verba
838 906 993 970 iniuriosa
1011 907 1058 972 sic
1079 908 1223 991 prolata,
1239 911 1284 976 ad
1302 911 1361 976 eius

203 1017 356 1082 noticiam
371 1017 618 1094 deducebantur,
632 1024 670 1081 vt
686 1017 829 1095 asseruit,
844 1017 1008 1082 reuocauit
1022 1018 1138 1084 eadem
1153 1021 1199 1085 ed
1214 1022 1359 1097 animum

203 1136 237 1193 et
251 1129 291 1192 dc
305 1129 445 1211 presenti
460 1135 599 1205 reuocet,
613 1135 775 1212 protestus
791 1129 966 1193 solenniter
979 1127 1019 1193 dc
1034 1130 1182 1196 remedio
1196 1132 1359 1211 inriserit

203 1247 344 1323 tempore
367 1246 400 1303 ct
421 1239 491 1303 loco
514 1240 669 1324 congruis,
684 1241 924 1324 consequendo:
947 1241 1051 1305 Pcciit
1072 1241 1163 1307 idem
1179 1244 1294 1310 Brenn
1313 1245 1356 1309 in·

202 1357 388 1414 strumenta

633 1514 704 1578 558.
728 1514 912 1578 linewert.

242 1684 306 1749 Die
322 1684 444 1762 Martis,
457 1707 523 1749 xxv
538 1685 739 1762 Nouembris,
754 1708 838 1751 anno
853 1687 1111 1772 quingentesimo
1126 1688 1171 1772 xj,
1182 1689 1353 1755 indictione

200 1818 253 1874 xv,
268 1798 473 1881 pontificatus
496 1797 580 1862 Julii
604 1797 648 1861 2<ss
669 1819 753 1862 anno
777 1799 820 1875 ix,
836 1805 870 1862 et
890 1800 981 1882 regni
1003 1798 1119 1863 Jacobi
1141 1801 1252 1883 quarti
1274 1820 1352 1866 anno

198 1910 290 1992 xxiiij
303 1935 311 1974 ε
335 1909 439 1974 Adam
455 1909 608 1974 Blacadcr
622 1910 657 1972 in
673 1910 805 1973 quever
819 1909 988 1974 constituit
999 1930 1096 1973 suum
1110 1918 1353 1995 procuratorem,

199 2041 272 2084 cum
296 2022 444 2086 cautione
468 2021 507 2086 de
533 2029 602 2084 rato
626 2027 659 2085 et
683 2029 782 2103 grato,
809 2021 1002 2104 Magistrum
1026 2020 1187 2085 Jacobum
1213 2023 1352 2097 Heriote,

198 2133 354 2197 vicarium
377 2134 416 2197 de
438 2133 627 2210 Dmmfreis,
649 2132 691 2196 ad
713 2132 961 2215 comparendum
976 2153 1081 2196 coram
1094 2133 1253 2217 Magistm
1268 2134 1352 2199 Mer·

198 2243 266 2308 tino
282 2244 377 2321 Rede,
394 2244 520 2308 officiali
537 2245 736 2328 Glasguensi,
751 2244 805 2307 vel
823 2243 892 2307 eius
914 2244 1115 2321 comissariis,
1130 2244 1172 2308 ed
1194 2244 1352 2311 eonsenti-

198 2355 326 2432 endum,
348 2356 479 2419 nomine
504 2356 606 2438 ipsius
629 2354 863 2432 constituentia,
886 2355 1056 2419 cessationi
1079 2360 1113 2419 et
1137 2356 1351 2422 annullationi

196 2465 364 2528 cuiusdam
379 2466 450 2541 acti,
466 2466 579 2530 inserti
602 2468 636 2530 in
659 2467 749 2530 libris
772 2467 850 2531 dicti
872 2467 994 2530 domini
1017 2467 1169 2544 officialis,
1185 2468 1267 2533 alias
1281 2490 1352 2535 ecn-

196 2575 273 2639 feeti
287 2575 372 2638 inter
387 2576 492 2657 ipsum
509 2584 541 2639 et
557 2577 750 2659 Magistrum
766 2578 942 2642 liebertum
958 2578 1101 2642 Maxvell
1116 2599 1154 2643 ac
1168 2579 1193 2643 J
1194 2579 1352 2645 ohannem

195 2686 350 2750 Machll
375 2686 414 2750 de
437 2686 627 2765 Akinhede;
658 2697 690 2751 et
719 2688 787 2763 hoc,
814 2697 984 2772 postquam
1013 2689 1181 2753 Jolmnnes
1212 2691 1353 2767 Hariolo,

194 2798 373 2882 assigmatus
387 2796 488 2880 ipsius
502 2797 574 2861 Ade
589 2797 629 2861 ad
645 2797 708 2860 nriti
726 2798 876 2862 solidatas
892 2807 1046 2864 terrarum
1061 2800 1188 2883 antiqui
1203 2810 1354 2867 extentus

194 2911 234 2974 de
256 2912 350 2974 Ester
376 2909 490 2973 Pollol(
516 2909 666 2986 Sclrawis,
688 2908 816 2973 realiter
837 2911 991 2993 receperit
1017 2932 1127 2975 omnes
1151 2919 1185 2975 et
1211 2913 1354 2997 singulas

194 3023 374 3087 euidentius
401 3023 500 3085 seretis
526 3022 588 3106 ipsi
614 3022 694 3097 Ade,
717 3042 773 3105 per
798 3022 961 3104 quondam
986 3021 1171 3086 ,iohannem
1198 3023 1355 3101 Maxvell,

194 3142 318 3218 patrem
334 3135 412 3198 dicti
428 3134 472 3197 M.
490 3134 621 3197 lieberti
637 3140 669 3196 et
684 3133 829 3196 Elizabet
845 3134 980 3197 Stcwart
995 3134 1064 3197 eius
1086 3132 1241 3211 relictam,
1258 3156 1355 3219 super

194 3246 386 3310 alienatione
410 3245 568 3308 dictarum
598 3253 762 3321 terrarum,
785 3254 818 3308 et
841 3265 906 3306 non
932 3244 1012 3307 iulias
1038 3244 1130 3309 aliter
1153 3266 1261 3328 neque
1289 3247 1353 3310 alio

195 3357 305 3422 modo:
340 3357 443 3421 Peeiit
459 3357 544 3420 idem
560 3356 605 3419 M.
622 3357 779 3419 Robertus
794 3356 1027 3419 instrumenta:
1054 3356 1137 3418 Acta
1152 3355 1187 3418 in
1203 3358 1354 3422 vestiario

194 3468 325 3532 ecclesie
349 3469 565 3551 GlasguensiS,
589 3468 666 3531 hom
688 3468 720 3550 xj
745 3475 819 3531 ante
842 3466 1029 3546 meridiem,
1051 3467 1198 3544 testibus,
1223 3468 1353 3535 domino

193 3579 343 3642 dolranne
364 3580 514 3655 llau'son,
547 3579 730 3661 presbitero,
763 3579 913 3642 Jolranne
940 3580 1036 3660 Gray,
1064 3578 1170 3641 Adam
1208 3580 1353 3659 Stewert,

193 3690 343 3753 dolianne
358 3690 481 3773 Augus,
496 3698 529 3753 et
543 3689 739 3753 Arelribaldo
755 3690 900 3766 Stewart,
915 3689 1013 3754 laicis.

513 3965 584 4027 559.
609 3966 1051 4037 benennom-comenia.

235 4138 298 4202 ilie
320 4136 463 4212 Veneris,
485 4135 541 4198 xix
563 4137 682 4201 mensis
704 4138 900 4214 Decembris,
921 4159 1006 4202 anno
1028 4138 1284 4224 quingentesimo
1306 4141 1351 4224 xj,

190 4250 374 4325 indictione,
389 4247 586 4331 pontificatu,
601 4255 634 4311 et
648 4268 732 4312 anuo
747 4249 845 4333 regni,
861 4249 978 4331 quibus
997 4249 1184 4314 immediate
1206 4257 1300 4329 retro,
1314 4251 1349 4315 in

190 4361 324 4427 ccclesia
346 4358 545 4443 Glasguensi,
567 4357 644 4422 hora
666 4359 710 4441 xj,
731 4366 807 4424 ante
829 4359 997 4423 meridiem
1019 4360 1072 4425 vel
1094 4361 1186 4437 eires,
1208 4363 1349 4429 testibus
