2994 4936
728 458 933 507 PROTOCOLLA

525 665 599 729 412.
624 663 924 729 Ruuu-Oruorun
947 664 1129 729 Suomsrm.

294 841 424 905 Eisdem
439 861 496 923 per
517 839 631 914 omnia,
647 839 803 921 Magistro
818 837 976 903 Patricius
990 837 1220 921 Elphinstoun,
1234 838 1423 902 canonicus

251 953 464 1037 prebendatus
491 950 623 1016 ecclesie
648 950 855 1034 Glasguensis
880 950 916 1013 in
941 947 1102 1033 prebenda
1126 948 1167 1012 de
1193 948 1332 1026 Erskin,
1346 970 1424 1035 pre-

251 1065 393 1129 sentauit
404 1063 596 1127 manualiter
607 1061 800 1125 Nicholaum
812 1062 900 1125 Rede
911 1061 952 1124 ad
964 1061 1104 1125 officium
1119 1060 1268 1124 sacristie
1280 1060 1423 1125 minoris

251 1177 383 1241 ecclesie
410 1174 624 1257 Glasguensis,
640 1180 759 1236 extunc
780 1194 898 1238 vacans
920 1193 978 1256 per
1002 1171 1223 1236 dimissionem
1248 1171 1423 1237 Willelmi

157 1284 162 1296 '
250 1287 469 1369 Elphinstoun
498 1285 533 1347 in
563 1285 711 1346 manibus
737 1284 896 1348 dictorum
918 1283 1177 1348 reuerendissimi
1207 1288 1241 1346 et
1266 1284 1423 1368 capituli,

249 1398 357 1460 vltimi
379 1395 567 1478 possessoris
583 1394 734 1472 eiusdem,
750 1395 790 1458 ad
813 1396 1082 1478 presentationem
1104 1394 1183 1458 dicti
1205 1394 1422 1477 prebendarii

250 1515 283 1572 et
305 1507 531 1570 admissionem
553 1506 713 1570 dictorum
735 1506 993 1571 reuerendissimi
1015 1512 1048 1571 et
1069 1504 1214 1588 capituli,
1228 1504 1330 1588 pleno
1345 1505 1422 1572 iure

250 1628 398 1702 spectans
414 1619 546 1702 prefatis
560 1617 825 1682 reuerendissimo
841 1625 874 1682 et
889 1618 1047 1701 capitu103
1068 1615 1273 1701 quiquidem
1289 1617 1420 1683 admis-

251 1738 346 1795 erunt
360 1733 468 1815 ipsum
483 1730 679 1794 Nicholaum
700 1729 735 1791 in
750 1734 783 1793 et
798 1729 839 1792 ad
852 1728 1037 1793 huiusmodi
1051 1728 1200 1803 officium,
1216 1747 1294 1792 cum
1309 1730 1421 1794 omni·

250 1844 312 1907 bus
328 1843 394 1907 suis
411 1843 534 1906 iuribus
550 1848 583 1907 et
597 1842 812 1925 pertinentiis,
827 1842 989 1918 connexis,
1005 1838 1150 1916 annexis,
1165 1838 1422 1921 dependentiis;

251 1962 284 2020 et
300 1961 523 2020 concesserunt
534 1953 639 2038 sigilla
650 1953 907 2018 reuerendissimi
919 1958 951 2018 et
966 1951 1118 2035 capituli:
1142 1950 1246 2015 Peciit
1256 1950 1421 2017 Mattheus

251 2088 357 2131 comes
380 2066 419 2130 de
442 2068 551 2129 Icum<
571 2065 700 2128 nomine
716 2064 794 2128 dicti
813 2064 901 2127 Rede
915 2063 1127 2127 instrument:
1157 2062 1242 2125 Acta
1255 2066 1295 2123 vt
1310 2068 1347 2126 et
1359 2063 1420 2127 vbi

252 2199 355 2261 supra.

513 2330 585 2394 413.
610 2330 1008 2395 Sunnncnuus-annn
1031 2328 1145 2394 Cuom

297 2502 361 2564 Die
384 2502 524 2577 Sabbati,
545 2503 593 2564 ix⁰
615 2503 739 2579 Marcii,
754 2524 846 2580 anno,
862 2502 1046 2579 indictione,
1060 2502 1261 2586 pontificatu,
1275 2509 1308 2565 et
1323 2504 1419 2588 regni

254 2612 372 2695 quibus
388 2633 490 2694 supra,
507 2613 539 2674 in
556 2613 706 2676 vestiario
723 2614 855 2679 ecclesie
869 2614 1085 2698 Glasguensis,
1097 2613 1235 2676 testibus
1247 2613 1418 2695 Maffl'stris

256 2724 398 2786 Martino
429 2723 525 2798 Reda,
547 2723 653 2786 Adam
684 2725 888 2808 Culquhoun,
914 2726 1035 2788 Thoma
1064 2724 1231 2799 Murhede,
1252 2723 1419 2790 Miclraele

256 2835 421 2917 Flemyng,
444 2841 477 2898 et
499 2835 682 2898 Alexandro
706 2836 942 2913 Hammiltorm,
963 2836 1125 2900 canonicis
1146 2834 1417 2919 Glasguensibus,

257 2947 299 3010 M.
313 2946 491 3010 Richardus
506 2946 664 3010 Bothwell
680 2948 860 3030 acceptarrit
871 2949 906 3010 in
921 2968 955 3011 se
970 2953 1204 3031 procuratorem
1218 2966 1275 3030 pro
1286 2947 1418 3013 vicariis

257 3059 345 3124 chori
373 3059 408 3122 in
434 3059 582 3123 omnibus
609 3060 676 3123 suis
703 3060 816 3135 eurisis,
841 3060 938 3122 motis
965 3066 998 3122 et
1023 3057 1202 3137 mouendis,
1228 3058 1269 3121 ab
1294 3057 1356 3122 hac
1380 3060 1417 3123 in

257 3179 371 3235 antea:
394 3171 498 3235 Peciit
513 3172 557 3234 ll.
571 3171 736 3234 Rolandus
759 3170 914 3235 Blacader
936 3171 1065 3234 nomine
1087 3169 1279 3233 vicariorum
1292 3168 1415 3233 instru-

257 3291 385 3347 menta:
406 3284 491 3346 Acta
512 3290 548 3345 vt
571 3290 603 3347 et
625 3283 679 3345 vbi
703 3303 807 3365 supra,
822 3281 899 3345 hora
925 3281 1049 3347 decima
1071 3285 1145 3345 ante
1171 3280 1339 3345 meridiem
1359 3282 1414 3347 vel

258 3415 385 3458 eacrrca.

544 3556 616 3618 414.
642 3553 1127 3638 [Oonouuouu-Covnuruu]*

301 3725 324 3785 J
326 3725 395 3787 ouis
417 3734 477 3788 xx⁰
492 3726 688 3803 Decembris,
703 3748 788 3790 anno
803 3728 1060 3812 quingentesimo
1075 3727 1132 3804 ix0,
1147 3727 1324 3792 indictione
1345 3726 1412 3811 xiij,

258 3835 463 3918 pontificatus
478 3837 501 3897 J
503 3837 564 3899 ulii
579 3837 622 3901 2⁶¹
636 3859 720 3901 anno
744 3840 899 3922 septimo:
920 3839 943 3902 J
945 3839 1062 3903 ccobus
1078 3837 1288 3922 Glasguensis
1310 3837 1411 3903 archi·

259 3945 427 4029 episcopus
454 3948 623 4011 constituit
645 3949 878 4013 commissarios
900 3970 974 4013 suos
997 3950 1195 4013 coniunctim
1218 3957 1251 4014 ct
1273 3949 1414 4026 diuisim,

257 4057 326 4132 vin,
336 4057 423 4121 Rode
435 4058 667 4134 cancellarium,
681 4058 836 4124 Blacader
846 4061 1073 4135 subdecanum,
1083 4069 1116 4125 et
1126 4061 1273 4126 Gibsoun
1282 4061 1418 4144 preben-

258 4169 383 4231 darium
398 4168 437 4232 do
453 4169 609 4245 lbrnlrcw,
624 4170 665 4233 orl
692 4191 820 4234 causam
842 4172 1031 4236 iniuriarum
1048 4192 1146 4255 quam
1161 4172 1244 4236 verti
1268 4178 1417 4256 speratur

258 4280 342 4345 inter
352 4280 524 4363 Magistros
536 4280 640 4343 Adam
653 4280 858 4365 Culquhoun,
870 4284 1044 4348 Patricium
1058 4284 1225 4361 Covcntrc,
1237 4289 1269 4349 et
1284 4302 1413 4347 monas·

360 4440 371 4455 .
393 4410 407 4437 ⁹
420 4405 488 4461 This
499 4414 579 4479 cntry
592 4407 615 4461 is
627 4425 663 4461 on
675 4407 823 4479 misplaced
836 4409 892 4464 leui
901 4418 931 4465 at
943 4410 1094 4482 beginning
1106 4410 1137 4465 ol
1148 4410 1266 4466 volume.
