2994 4936
725 432 931 481 PROTOCOLLA

611 645 681 707 612.
707 643 820 706 (lours
843 659 887 705 nn
910 643 1030 705 Larsa

276 818 447 902 'Georgius
463 817 657 900 Cuiquhoun
672 816 833 880 fatebatur
847 836 881 879 se
896 817 1060 899 recepisse,
1072 836 1168 899 super
1178 816 1281 881 altare
1298 817 1400 881 Sancti

249 930 408 993 Johannis
434 928 630 1012 euangeliste
657 929 692 990 in
713 928 806 991 bassa
836 927 971 991 ecclesia
1000 928 1202 1010 Glasguensi,
1229 950 1249 991 a
1275 929 1400 993 Mat-heo

249 1042 364 1105 comite
391 1042 508 1116 Lenax,
531 1046 660 1103 eentum
687 1059 808 1101 meroes
832 1059 888 1120 pro
915 1039 1048 1102 dimidia
1073 1047 1164 1121 parte
1188 1048 1346 1104 terrarum
1366 1040 1401 1102 de

249 1153 417 1230 Baldoron‚
443 1173 540 1234 quam
563 1151 631 1233 ipse
662 1150 813 1233 possidet,
835 1158 868 1213 et
894 1151 1111 1233 redemptione
1140 1151 1337 1215 earundem:
1364 1152 1402 1214 Et

250 1264 408 1328 Robertus
432 1263 523 1326 Brois
547 1262 706 1325 fatebatur
727 1281 761 1324 se
784 1261 940 1344 recepisse
966 1260 1006 1324 ab
1032 1261 1144 1324 eodem
1171 1262 1253 1325 alias
1277 1270 1401 1326 centum

249 1395 378 1448 mersas,
396 1394 453 1456 pro
478 1373 696 1455 redemptione
719 1372 851 1435 dimidie
873 1372 974 1455 partis
996 1378 1151 1435 terrarum
1174 1373 1215 1436 de
1239 1373 1402 1448 Baldoron‚

249 1505 346 1566 qnam
361 1485 430 1566 ipse
445 1482 596 1566 possidet,
612 1490 644 1546 et
660 1503 756 1565 super
770 1483 869 1546 altare
890 1483 1087 1566 predictum3
1109 1491 1143 1546 et
1165 1483 1352 1548 fatebantur
1372 1505 1402 1548 se

250 1596 330 1658 bene
350 1602 487 1677 pacatos,
503 1602 536 1657 et
559 1595 727 1676 quitarunt
750 1595 888 1658 eundem
911 1594 1061 1657 comitem
1083 1602 1117 1656 et
1137 1614 1221 1670 suos,
1237 1616 1295 1678 pro
1319 1616 1353 1659 se
1374 1605 1404 1659 et

250 1707 317 1769 suis
340 1706 416 1769 inde
443 1707 698 1789 imperpetuum:
733 1706 776 1767 Et
800 1705 1029 1768 nichilominus
1053 1704 1170 1787 prefati
1195 1707 1353 1790 Georgius
1374 1716 1404 1770 et

251 1818 417 1894 Robertus,
433 1818 631 1881 coniunctim
646 1825 679 1880 et
695 1816 834 1892 diuisim,
857 1837 914 1898 per
936 1817 1054 1879 fustem
1078 1824 1110 1878 et
1132 1816 1295 1894 baculum,
1310 1819 1404 1901 resig-

250 1938 369 1993 narunt
398 1936 431 1993 et
461 1950 588 1992 sursum
618 1928 784 2003 dederunt,
811 1935 844 1990 et
869 1927 1007 2009 quilibet
1031 1948 1141 1991 eorum
1167 1949 1297 1992 sursum
1319 1929 1407 1993 dedit

250 2041 435 2105 huiusmodi
465 2040 575 2103 decem
605 2046 759 2101 mercatos
782 2046 937 2101 terrarum
963 2039 1002 2101 de
1029 2039 1157 2101 Wester
1183 2039 1352 2116 Baldoron‚
1375 2049 1406 2104 et

249 2152 428 2233 quamlibet
442 2159 566 2234 partem
588 2150 769 2225 earundem,
785 2150 876 2211 iuxta
898 2150 1032 2212 sormam
1054 2149 1196 2232 predicte
1216 2151 1406 2214 reuersionis

249 2265 365 2346 prefati
392 2263 554 2345 quondam
580 2261 712 2324 Patricii
736 2261 932 2343 Culquhoun
955 2261 1041 2323 dicto
1071 2261 1234 2342 qnondam
1264 2262 1406 2326 Johenni

249 2374 378 2436 domino
399 2372 523 2455 Dernly
539 2380 572 2436 et
587 2373 654 2436 suis
670 2372 745 2435 inde
763 2372 855 2448 facte,
871 2372 906 2433 in
922 2372 1070 2434 manibus
1085 2371 1164 2434 dicti
1179 2373 1307 2436 Matlrei
1323 2394 1405 2437 corn·

248 2484 304 2545 itis
320 2484 439 2559 Lenax,
455 2491 610 2564 tanquam
632 2483 667 2545 in
690 2483 838 2545 manibus
862 2483 1033 2564 superioris
1048 2482 1230 2558 earundem,
1247 2485 1405 2567 cumipse

248 2593 364 2655 comite
387 2600 420 2654 et
442 2593 509 2654 suis
536 2612 791 2654 remansurorum
818 2593 1072 2675 imperpetunm3
1095 2599 1127 2656 et
1153 2594 1405 2658 cxtradonarunt

248 2702 427 2766 euidentias
443 2701 518 2764 inde
533 2701 659 2764 habitas
676 2723 732 2783 per
753 2704 913 2783 prefatum
929 2704 1090 2785 quondam
1105 2705 1128 2766 J
1130 2704 1287 2767 ohannem
1304 2707 1405 2769 domi-

248 2835 327 2876 num
343 2812 466 2896 Dernly
480 2820 512 2875 et
524 2833 611 2890 suos;
634 2819 666 2875 et
681 2814 910 2876 renunciarent
925 2815 1053 2897 publice
1065 2823 1098 2878 et
1109 2836 1255 2897 expresse
1271 2817 1405 2881 eisdem:

248 2926 351 2989 Peoiit
374 2926 459 2989 idem
483 2946 588 2989 comes
607 2925 839 2988 instrumenta:
863 2925 946 2988 Acta
961 2926 1016 2988 vbi
1038 2947 1142 3008 supra,
1159 2926 1235 2989 hors
1258 2929 1291 3010 xj
1331 2939 1405 2992 ante

247 3039 421 3114 meridiem,
437 3037 490 3100 vel
506 3038 597 3112 cirea,
614 3057 717 3099 coram
734 3037 853 3100 eisdem
869 3037 1012 3100 testibus.

725 3310 795 3371 613.
821 3309 929 3371 Bnors

290 3482 419 3545 Eisdem
443 3503 498 3564 per
524 3482 648 3545 omnia:
672 3481 763 3544 ldenr
786 3481 942 3544 Rubentis
967 3483 1059 3545 Brois
1082 3484 1256 3547 solenniter
1280 3493 1404 3567 protes-

246 3598 333 3654 tatus
359 3602 416 3668 est,
446 3594 532 3675 quod
563 3594 747 3656 huiusmodi
779 3594 917 3675 receptio
946 3594 1089 3676 pecunie,
1116 3603 1149 3658 et
1174 3596 1345 3678 resignatio
1372 3603 1406 3661 et

245 3723 372 3765 sursum
388 3704 474 3766 datio
498 3714 652 3767 terrarum
671 3705 710 3767 de
726 3705 853 3768 Wester
876 3704 1043 3780 Baldoron‚
1059 3713 1091 3769 et
1114 3708 1312 3770 renunciatio
1335 3710 1403 3771 eui-

245 3814 425 3876 dentiorum
456 3814 649 3890 huiusmodi,
674 3836 738 3877 nou
765 3816 890 3879 cederet
920 3817 982 3878 sibi
1012 3824 1044 3879 et
1071 3817 1137 3879 suis
1167 3818 1201 3879 in
1225 3818 1402 3900 dampnum

244 3923 382 4006 aliquod,
410 3944 465 3987 seu
492 3925 714 4007 preiudiciurn,
741 3947 804 4007 quo
834 3927 874 3989 ad
903 3928 1131 4010 obligationem
1160 3936 1193 3991 et
1223 3931 1403 3993 vorantium

243 4057 324 4119 quas
354 4035 450 4098 habet
480 4057 499 4097 a
525 4036 610 4098 dicto
642 4037 776 4119 Georgio
807 4046 840 4102 et
866 4040 932 4101 suis
960 4061 1054 4122 super
1082 4039 1265 4102 huiusmodi
1292 4042 1404 4104 terris:

244 4149 330 4224 Quas
357 4148 535 4211 varentiom
562 4155 595 4210 et
619 4148 845 4231 obligationem
872 4152 974 4233 ipsius
1006 4152 1133 4234 Georgii
1164 4159 1196 4215 et
1222 4152 1403 4216 euidentias

243 4259 379 4341 desuper
416 4260 516 4322 factas
554 4258 644 4321 nullo
675 4260 778 4336 modo,
808 4270 936 4344 propter
966 4263 1149 4326 huiusmodi
1186 4263 1402 4346 receptionem

241 4371 376 4450 pecunie
404 4380 436 4433 et
462 4370 707 4453 resigmationenr
735 4379 890 4436 terrarum
913 4373 1096 4437 huiusmodi
1119 4375 1204 4438 dicto
1227 4375 1338 4437 comiti
1360 4374 1401 4438 de
