2994 4936
222 408 284 469 280
698 420 903 469 morococia

58 613 113 651 Μ),
134 528 205 650 150i.
221 579 342 642 Thema
371 578 538 656 Murhcde,
561 580 582 644 ,J
586 581 710 644 ohanne
741 580 895 655 Gibsoun,
925 576 1086 641 canonicis
1116 574 1382 662 Glasguensibus,

102 693 167 703 “““
222 691 331 754 Dauid
345 690 568 772 Abircrumby,
584 698 617 754 et
632 689 796 753 Willelmo
813 690 956 765 Stewart,
971 688 1161 772 presbiteris.

655 966 725 1029 361.
749 965 948 1028 (incursuum

266 1136 396 1201 Eisdem
419 1137 479 1215 die,
495 1135 573 1213 loce,
589 1157 694 1201 coram
718 1136 864 1213 testibus,
879 1135 996 1219 quibus
1019 1156 1123 1219 supra,
1137 1134 1216 1199 hora
1237 1135 1280 1218 xj,
1302 1143 1378 1198 ante

222 1248 398 1323 meridiem,
409 1248 462 1312 vei
477 1248 615 1312 eacirca:
639 1249 680 1310 In
694 1248 854 1330 presentia
869 1247 1127 1311 reuerendissimi
1148 1246 1248 1330 patris
1263 1246 1286 1310 J
1287 1246 1379 1311 scobi

222 1357 430 1440 Glasguensis
446 1358 683 1442 archiepiscopi,
698 1366 731 1422 et
746 1359 857 1422 decani
874 1366 906 1422 et
922 1358 1056 1441 capituli
1074 1357 1323 1441 Glasguensium
1338 1357 1380 1421 sd

222 1488 336 1531 sonum
366 1489 518 1551 campane
547 1469 675 1552 pulsate
705 1469 922 1552 capitulariter
952 1477 1218 1552 congregatorum,
1240 1468 1282 1532 ad
1308 1468 1381 1532 iura

221 1578 383 1642 reddenda
408 1587 441 1643 et
465 1600 575 1643 causas
601 1580 784 1656 audiendas,
805 1600 862 1664 pro
884 1579 1038 1644 tribunali
1061 1580 1095 1643 iu
1117 1580 1186 1643 loco
1208 1578 1380 1663 capitulari

222 1690 354 1755 ecclesie
367 1690 575 1775 Glasguensis
587 1691 778 1768 sedentium,
791 1692 835 1754 M.
850 1693 945 1775 Hugo
957 1691 1130 1774 Greynlnw
1142 1691 1380 1755 commissarius

221 1802 261 1866 de
277 1803 310 1865 N
310 1803 377 1886 yth,
389 1810 422 1866 et
433 1803 560 1880 Disnes,
572 1811 605 1867 et
616 1803 711 1867 vallis
721 1804 878 1880 Anendie,
890 1804 1045 1867 veraciter
1059 1810 1223 1879 attestans,
1238 1802 1379 1867 declara·

222 1915 271 1978 uit
286 1921 318 1978 et
333 1915 468 1978 asseruit
482 1915 624 1997 precium
640 1915 699 1979 fori
718 1915 904 1991 communis,
921 1914 1094 1978 cuiuslibet
1115 1913 1193 1978 bolli
1215 1914 1316 1979 farine
1338 1914 1380 1980 de

221 2047 372 2090 mensura
394 2026 433 2090 de
457 2027 557 2110 Nyth,
574 2034 606 2090 et
629 2027 757 2103 Disnes,
772 2047 808 2090 ac
823 2026 917 2089 vallis
940 2025 1099 2102 Anandie,
1121 2026 1199 2089 anni
1221 2026 1379 2110 quingen·

221 2138 328 2200 tesimi
351 2133 443 2214 sexti,
458 2139 493 2200 in
508 2158 592 2201 anno
614 2138 870 2221 quingentesimo
886 2145 1006 2212 octau0,
1023 2136 1122 2200 fuisse
1145 2137 1322 2200 iudicatum
1346 2144 1380 2201 et

221 2249 476 2331 pronunciatum,
486 2269 542 2331 pcr
553 2250 660 2331 ipsum
672 2256 825 2332 tanquam
834 2249 976 2332 judicem
986 2253 1019 2311 et
1031 2248 1284 2311 commissarium
1292 2247 1380 2313 dicte

221 2360 365 2441 regionis,
389 2358 429 2421 ad
455 2381 500 2421 xx
523 2359 640 2423 solidos
663 2367 790 2424 monete
814 2359 930 2436 Scocie,
952 2366 986 2422 et
1008 2379 1072 2422 non
1088 2358 1128 2421 sd
1149 2359 1252 2422 maius
1273 2379 1379 2442 neque

222 2470 329 2531 minus
352 2469 510 2551 precium:
534 2470 637 2534 Peciit
652 2471 793 2554 Rogerus
809 2471 982 2534 Greirsoun
1005 2491 1062 2553 pro
1077 2490 1121 2545 se,
1137 2491 1175 2534 ac
1192 2491 1249 2553 pro
1264 2470 1379 2535 ceteris

221 2579 437 2663 parrochianis
452 2579 492 2643 de
507 2581 757 2657 Thorthorwald,
770 2583 995 2647 instrumenta:
1015 2581 1099 2646 Acte
1112 2589 1148 2645 vt
1158 2590 1192 2645 et
1203 2582 1256 2645 vbi
1272 2603 1378 2665 supra

587 2858 658 2919 362.
684 2855 1012 2919 Larus—Ecctssm.

266 3027 329 3093 Dic
354 3029 477 3106 Martis,
492 3031 595 3114 primo
618 3030 707 3105 Maii,
731 3050 815 3092 anno
845 3029 1102 3112 quingentesimo
1126 3029 1183 3104 ix0,
1203 3028 1380 3094 indictione

223 3141 266 3223 xij
271 3193 277 3216 ,
289 3143 494 3224 pontificatus
506 3144 528 3206 J
531 3142 588 3206 ulii
606 3140 649 3205 2‘1'
660 3162 744 3205 anno
757 3148 855 3218 sexto,
867 3151 900 3204 et
914 3141 1003 3224 regni
1019 3161 1103 3203 anno
1119 3140 1206 3222 xxj⁰:
1221 3140 1379 3223 Georgius

222 3253 290 3316 Lile
313 3255 408 3317 cessit
430 3276 466 3319 ac
488 3254 690 3318 renuncisuit
705 3253 964 3336 appellaoiouem,
980 3273 1036 3334 per
1050 3252 1157 3334 ipsum
1171 3251 1380 3326 interiectea

221 3366 363 3428 censuris
390 3366 569 3429 fulminatis
599 3386 656 3448 per
685 3364 729 3428 M.
757 3363 988 3428 Archibsldum
1012 3364 1130 3445 Layng,
1156 3362 1313 3426 decanum
1338 3363 1379 3427 de

222 3474 360 3557 Ruglyn,
370 3484 480 3539 contra
492 3477 636 3550 eundem,
649 3498 690 3539 ex
702 3496 738 3540 eo
750 3476 835 3558 quod
851 3497 915 3539 non
931 3475 1085 3557 persoluit
1096 3494 1194 3556 penas
1210 3474 1379 3556 preteritas

221 3583 283 3645 sibi
305 3585 479 3666 impositas,
495 3608 551 3668 pro
576 3608 638 3649 non
655 3586 825 3650 adhesione
849 3607 905 3649 sue
924 3607 1047 3669 sponse,
1063 3593 1095 3649 ot
1110 3607 1167 3669 pro
1182 3606 1247 3648 uon
1263 3593 1378 3649 tracta·

221 3692 307 3756 tione
331 3696 558 3760 rrratrimoniali
574 3699 740 3762 afl‘ectione
763 3697 915 3773 eiusdem,
930 3706 963 3761 et
978 3697 1114 3780 singulis
1130 3696 1204 3760 inde
1220 3697 1379 3760 secuturis

220 3810 253 3864 et
275 3807 487 3900 prouenturis,
503 3828 539 3870 ac
562 3809 663 3871 eciam
679 3809 839 3873 consensit
854 3808 1105 3873 irreuocabiliter
1119 3814 1152 3871 et
1167 3807 1324 3890 obligauit
1343 3827 1378 3872 sc

221 3913 254 3975 in
284 3914 427 3978 vberiore
458 3917 565 3994 forma,
589 3927 672 3982 stare
702 3919 807 3996 laudo,
830 3920 964 3995 decreto,
987 3930 1019 3984 et
1042 3919 1204 3984 sentencie
1226 3919 1378 3994 arbitrali,

221 4025 447 4107 Magistrorum
460 4028 592 4091 Marum
609 4029 704 4104 Rcde,
714 4030 736 4092 J
738 4030 872 4094 ohannis
885 4032 1040 4106 (iibsourr,
1048 4031 1273 4095 canonicorum
1284 4029 1378 4094 Glos-

219 4136 396 4218 guensium,
412 4137 532 4201 domini
556 4141 684 4204 Roborti
709 4141 813 4217 Clerk,
829 4144 973 4207 canonici
996 4144 1093 4207 ctiam
1114 4142 1330 4225 Glasguensis,
1345 4150 1379 4205 et

221 4247 369 4330 Magistri
391 4248 521 4312 Patrieii
538 4251 705 4327 Coventre,
720 4258 816 4335 super
836 4275 900 4317 nou
916 4254 1095 4327 adhcsionc,
1111 4265 1144 4319 ct
1159 4275 1224 4317 nou
1239 4259 1378 4337 pertrec-

220 4359 342 4423 tntione
364 4359 530 4445 legittima,
547 4368 580 4425 ot
595 4370 690 4445 prout
705 4363 797 4428 decet
812 4365 896 4429 dicte
917 4386 975 4429 suo
990 4365 1106 4440 uxoris,
1122 4386 1158 4429 ac
1174 4362 1377 4448 superponis
