2994 4936
94 641 151 678 nn.
169 628 242 678 1509.

105 720 231 808 roffiot.

257 445 319 508 322
734 457 940 506 raoroconm

700 667 773 730 408.
798 666 966 730 Srrwmn.

300 839 364 904 Die
378 839 522 917 Veneris,
536 839 639 924 primo
654 837 778 916 Marcii,
792 858 877 903 anno
891 838 1148 922 quingentesimo
1167 838 1224 915 ix0,
1239 838 1424 906 indictione

257 951 326 1034 xiij,
345 950 551 1035 pontificatus
570 950 655 1014 Julii
677 948 722 1014 2⁶¹
743 970 828 1014 anno
849 949 994 1034 septimo,
1009 955 1043 1013 et
1061 949 1152 1033 regni
1172 949 1288 1014 Jacobi
1311 953 1425 1034 quarti

258 1082 342 1126 anno
363 1063 452 1146 xxij:
477 1062 776 1127 Reuerendissimus
798 1067 889 1145 potor
914 1060 1056 1125 Jacobus
1081 1059 1291 1145 Glasguansis
1315 1063 1425 1128 archi-

257 1173 436 1257 episcopus,
451 1173 589 1238 contulit
608 1173 776 1237 rectoriam
797 1178 986 1256 perpetuam
1007 1170 1139 1236 ecclesie
1161 1172 1358 1256 parochialis
1379 1175 1425 1240 do

259 1283 478 1361 Cumbirtreis,
503 1284 543 1348 de
569 1283 638 1348 iure
661 1290 694 1348 et
710 1284 795 1347 facto
816 1289 987 1348 vacantem
1008 1304 1065 1367 per
1089 1290 1226 1348 mortem
1251 1285 1423 1368 quondam

257 1394 380 1458 domini
402 1394 581 1458 Alexandri
603 1394 714 1477 Purdy
738 1394 848 1458 vltimi
872 1395 1062 1478 possessoris
1084 1394 1237 1473 eiusdem,
1259 1395 1301 1459 ad
1324 1417 1422 1462 suam

257 1506 474 1570 omnimodam
495 1506 713 1590 prouisionem
734 1515 767 1571 et
789 1507 993 1572 collationem
1007 1507 1103 1591 pleno
1116 1507 1186 1572 iura
1206 1516 1422 1592 spectantem,

258 1617 413 1702 Magistro
442 1617 607 1682 Willelrno
634 1619 772 1683 Stewart
800 1618 915 1684 clerico
945 1618 1163 1684 Sanctiandris
1188 1618 1335 1698 diocesis,
1364 1623 1420 1687 cui

257 1730 347 1814 prius
361 1729 541 1794 contulerat
554 1728 689 1794 eandem
703 1730 880 1807 rectoriam,
894 1736 929 1794 et
942 1730 1002 1794 hoc
1017 1751 1083 1794 non
1096 1729 1247 1794 recedens
1269 1750 1289 1794 a
1310 1733 1422 1814 priora

257 1841 450 1925 prouisione,
478 1839 535 1905 sed
564 1840 796 1905 accumulando
824 1841 895 1904 iura
924 1840 1056 1918 iuribus,
1080 1845 1114 1906 et
1141 1861 1199 1924 per
1227 1841 1344 1906 annuli
1365 1845 1421 1908 sui

257 1953 358 2036 digito
374 1973 432 2017 suo
446 1952 684 2036 impositionem
698 1952 871 2016 inuestiuit
887 1953 995 2036 ipsum
1009 1952 1050 2016 da
1064 1951 1184 2025 eadem,
1199 1972 1320 2030 curam,
1334 1955 1420 2038 regi-

257 2084 341 2141 men,
367 2070 444 2129 etn:
473 2064 577 2128 Peciit
605 2062 693 2127 idem
722 2063 767 2126 M
791 2062 976 2127 Willelmus
1005 2061 1239 2127 instrumenta:
1268 2063 1357 2129 Acta
1381 2065 1419 2129 in

257 2174 381 2256 palacio
402 2174 525 2238 domini
547 2173 777 2257 archiepiscopi
798 2174 832 2235 in
848 2172 985 2257 Glasgw,
1000 2173 1078 2237 hora
1092 2172 1127 2236 ix
1141 2179 1216 2238 anta
1238 2175 1419 2254 meridiem,

257 2285 312 2348 vel
340 2286 478 2364 eaciroa;
511 2284 658 2361 testibus,
683 2284 839 2368 Magistro
869 2284 964 2348 Petro
993 2284 1111 2360 Broun,
1140 2284 1270 2348 domino
1292 2285 1419 2352 Thoma

257 2394 422 2473 Sibbauld,
436 2395 631 2480 presbiteris,
645 2402 679 2460 et
693 2394 851 2460 Nicholao
866 2394 1045 2472 Androson,
1060 2393 1150 2459 laico.

699 2668 772 2732 409.
796 2667 965 2733 Srrwluo.

300 2835 431 2901 Eisdem
453 2837 514 2912 die,
529 2858 623 2916 anno,
637 2837 822 2918 indictione,
837 2848 871 2905 ct
892 2841 1091 2925 pontificatu,
1106 2841 1183 2906 hora
1204 2842 1327 2925 prelata
1348 2843 1417 2909 diei

257 2949 380 3015 decima
416 2956 492 3015 anta
527 2950 703 3028 meridiem,
733 2951 787 3016 vel
823 2952 953 3029 eaoirca,
982 2973 1088 3017 coram
1116 2954 1140 3018 J
1141 2953 1238 3018 acobo
1266 2953 1416 3033 Dundas,

256 3063 280 3127 J
281 3063 405 3127 ohanne
428 3061 628 3140 Hawistoun‚
651 3070 684 3127 et
922 3063 1125 3149 Mowbraye:
1147 3065 1240 3129 Idem
1261 3065 1308 3130 M
1330 3065 1414 3130 Wil-

255 3174 373 3239 lelmus
395 3175 533 3239 Stewart
553 3173 723 3240 constituit
739 3174 934 3258 Magistrum
957 3175 1112 3238 Thomam
1134 3175 1294 3240 M‘Iellan
1315 3195 1414 3241 suurn

256 3287 387 3350 vnicum
408 3293 651 3369 procuratorem,
666 3285 707 3349 ad
728 3286 913 3369 petendum,
928 3285 1114 3350 intrandum
1137 3295 1170 3351 et
1192 3286 1412 3371 recipiendum

255 3398 487 3482 possessionem
512 3398 705 3482 corporalem
727 3398 813 3463 dicte
834 3398 967 3463 rectorie
989 3397 1029 3462 de
1053 3398 1272 3475 Oumbirtrais,
1287 3399 1334 3464 sic
1353 3419 1411 3463 va-

256 3510 368 3586 cantis,
380 3531 453 3573 cum
469 3510 616 3575 cautione
632 3509 671 3574 de
686 3517 755 3573 rato
770 3515 803 3575 et
817 3516 924 3593 grato:
944 3509 1048 3574 Peciit
1062 3509 1149 3574 idem
1164 3510 1209 3574 M
1225 3509 1411 3575 Willelmus

255 3618 487 3685 instrumenta:
508 3621 593 3686 Acta
607 3621 643 3685 in
656 3621 743 3686 dicto
758 3620 888 3706 palacio.

662 3894 735 3960 410.
758 3896 1001 3961 Errnmsrouu.

296 4063 361 4127 Dio
376 4064 508 4129 Sabbati
523 4067 557 4129 2⁰
572 4065 696 4145 Marcii,
710 4087 794 4131 anno
809 4069 1065 4154 quingentesimo
1079 4067 1136 4147 ix0,
1151 4068 1328 4134 indictione
1342 4069 1412 4153 xiij,

254 4174 458 4262 pontificatus
473 4177 496 4240 J
498 4176 558 4240 ulii
582 4176 626 4241 2<ss
638 4198 724 4242 anno
746 4179 891 4263 septimo,
906 4186 939 4245 et
960 4179 1050 4264 regni
1065 4180 1179 4244 Jacobi
1198 4180 1306 4263 quarti
1324 4200 1411 4244 anno

254 4287 341 4372 xxij:
362 4285 548 4351 Willelmus
563 4287 791 4371 Elplrinstoun,
805 4289 938 4355 sacrista
957 4291 1062 4355 minor
1083 4290 1215 4355 ecclesia
1231 4290 1411 4375 Glnsguan-

253 4399 306 4478 sis,
334 4417 520 4484 comparens
556 4419 662 4465 coram
690 4400 872 4486 presidente
901 4407 936 4467 at
964 4400 1106 4486 capitulo
1135 4400 1328 4487 Glcsguensi
1363 4400 1406 4466 ad
