2994 4936
235 420 296 484 166
706 433 913 483 rnoroconm

69 617 127 658 un.
145 607 217 660 1506.
233 613 311 656 sorra
319 616 327 673 ;
350 598 383 657 et
398 599 527 658 centum
542 591 657 676 viginti
672 613 793 657 merces
808 592 1001 656 deliberatae
1011 591 1048 655 in
1058 591 1195 675 pecunia
1209 599 1388 672 numerata,

110 699 176 712 ”““
231 704 360 770 nominc
371 705 472 789 ipsius
484 704 831 788 JohanuisIekprevik
842 703 1016 787 peripsum
1028 703 1388 782 Archibaldum,Aleuo

232 816 376 881 Steward
397 816 437 882 de
461 817 617 901 Oraglrall
632 837 689 900 pro
712 815 934 898 redempcione
957 814 1094 879 duarum
1116 822 1330 881 mercatorum
1352 818 1385 901 vj

231 927 439 992 solidatorum
454 936 487 992 et
501 936 572 992 ecto
584 928 818 992 denariatarum
830 934 987 990 terrarum
997 926 1037 990 de
1050 927 1300 1010 Hagthornehill
1311 950 1387 994 cum

231 1040 446 1123 pertinenciis,
461 1060 480 1103 a
494 1040 580 1103 dicto
602 1039 707 1102 Alano
730 1045 762 1102 et
785 1038 851 1100 suis
873 1037 1051 1114 heredibus,
1066 1039 1106 1103 de
1122 1038 1239 1123 quibus
1255 1040 1387 1123 quidem

231 1150 379 1215 ducentis
394 1151 515 1226 mercis,
527 1150 621 1213 modo
638 1156 670 1214 et
684 1151 785 1213 forma
797 1149 981 1232 prescriptis
996 1149 1179 1214 deliberatis
1194 1157 1227 1215 et
1241 1152 1387 1235 receptis,

231 1262 337 1326 tenuit
349 1282 383 1325 se
396 1262 477 1326 berre
492 1267 677 1325 contentum
691 1266 840 1344 pacatum
853 1267 885 1324 et
895 1260 1038 1344 plenarie
1046 1260 1254 1345 persolutum,
1264 1262 1388 1346 ipsum·

232 1394 295 1457 que
311 1373 502 1456 Magistrum
517 1372 758 1449 Archibaldum,
775 1379 808 1436 et
822 1393 933 1438 omnes
951 1394 1025 1438 suos
1046 1394 1103 1456 pro
1126 1393 1160 1438 se
1182 1380 1216 1439 et
1236 1375 1388 1440 omnibus

232 1485 299 1549 suis
314 1484 421 1568 quitos
435 1485 510 1548 inde
532 1484 685 1548 clamauit
706 1485 942 1568 imperpetuum
957 1506 1014 1569 per
1035 1484 1206 1568 presentes,
1220 1486 1332 1552 fraude
1353 1495 1388 1552 et

232 1595 305 1660 delo
320 1596 460 1673 seclusis,
475 1601 508 1661 et
523 1596 610 1660 omni
625 1596 815 1679 excepcione
829 1603 896 1659 tam
908 1597 990 1680 juris
1005 1617 1103 1680 quam
1117 1597 1191 1662 faeti
1208 1599 1389 1682 postposita

232 1708 267 1771 in
282 1708 476 1774 contrarium
490 1708 703 1791 proponenda,
718 1728 782 1791 que
797 1708 883 1772 dicto
907 1710 1089 1794 Iselrprevik
1104 1710 1252 1795 prodesse
1267 1716 1302 1775 et
1314 1731 1388 1796 pre·

232 1820 298 1884 fato
327 1820 481 1905 Magistro
505 1819 708 1896 Archibaldo,
734 1826 768 1884 et
794 1821 861 1884 suis
888 1822 999 1887 obesse
1024 1822 1143 1906 poterit
1164 1821 1200 1885 in
1222 1822 1388 1888 futurum:

232 1932 334 1997 Peciit
343 1932 428 1997 idem
441 1932 606 1997 Crawfurd
617 1932 847 1996 instrumenta:
871 1933 955 1997 Acta
969 1933 1047 1997 hora
1058 1934 1195 2017 septima
1207 1939 1281 2016 post
1292 1935 1387 1999 meri-

232 2043 326 2122 diem,
349 2045 400 2109 vel
423 2044 560 2124 eaciroa;
583 2044 729 2120 testibus,
743 2043 893 2109 Johanne
916 2044 1045 2110 domiuo
1068 2045 1233 2123 Cathkert,
1256 2045 1387 2111 domino

231 2155 254 2219 J
256 2156 381 2221 ohanne
404 2155 550 2221 Maxvell
572 2156 611 2220 de
634 2156 763 2220 Nedder
785 2156 908 2233 Pollok,
930 2156 1043 2234 milite,
1065 2157 1216 2221 Johaune
1239 2157 1388 2223 Maxvell

231 2267 271 2331 dc
282 2267 461 2344 Akinhede,
474 2268 629 2350 Magistro
641 2267 773 2332 Matheo
784 2268 934 2345 Steward,
946 2268 1075 2333 domino
1086 2268 1272 2333 Alexandro
1284 2269 1387 2347 Blare,

232 2377 414 2461 capellanis,
430 2379 562 2441 notariis
577 2379 722 2461 publicis.

666 2646 736 2708 213.
762 2645 957 2708 Larrrrnvne

253 2815 406 2881 ·Eisdem
429 2837 521 2894 anno,
544 2817 605 2894 die,
627 2837 744 2893 mense,
767 2817 951 2895 indictione,
973 2819 1171 2903 pontificatu,
1196 2819 1276 2900 loco,
1300 2821 1387 2901 hora,

232 2949 338 2993 coram
360 2929 498 2994 testibus
520 2930 638 3011 quibus
660 2929 846 2994 immediate
872 2951 976 3015 supra,
999 2932 1125 2996 Alanus
1148 2933 1286 2998 Stewart
1307 2935 1387 3000 sate·

107 3041 117 3059 '
232 3041 327 3106 batur
340 3062 374 3106 se
395 3042 558 3125 recepisse,
568 3062 625 3125 per
636 3062 750 3105 manus
760 3042 838 3106 dieti
851 3042 998 3126 Magistri
1010 3043 1197 3108 Archibsldi
1211 3045 1387 3124 Crawfurd,

232 3154 360 3218 nomino
370 3153 472 3238 ipsius
486 3154 509 3217 J
511 3153 646 3217 ohannis
658 3153 848 3236 Ickprevik,
859 3175 917 3237 pro
928 3155 1149 3238 redempcione
1157 3161 1239 3220 term
1248 3155 1384 3219 duarum

232 3272 442 3330 mercatorum
472 3266 518 3350 vj·
548 3272 581 3329 et
610 3265 667 3349 viij
700 3265 936 3329 denariatamm
962 3266 1001 3330 de
1032 3263 1286 3351 Ilegthernehill
1307 3285 1383 3329 cum

232 3378 445 3459 pertinenciis,
461 3386 591 3443 eentum
613 3385 647 3442 et
668 3378 783 3463 viginti
805 3398 926 3442 memus
948 3378 983 3440 in
1005 3379 1142 3461 pecunia
1155 3382 1328 3455 numerata,
1342 3376 1383 3441 de

231 3488 348 3568 quibus
363 3488 469 3553 tenuit
489 3510 523 3553 se
545 3490 626 3553 bene
648 3495 843 3565 contentum,
866 3496 1024 3573 pacatum,
1040 3496 1073 3554 et
1087 3489 1229 3573 plenarie
1243 3488 1385 3574 persolu-

231 3600 311 3671 tum,
341 3596 528 3680 dictumque
554 3599 735 3683 Ielprevik
758 3607 792 3665 et
813 3622 924 3665 omnes
947 3621 1022 3664 suos
1044 3621 1100 3684 pro
1123 3620 1157 3665 se
1180 3608 1214 3665 et
1236 3601 1386 3666 omnibus

231 3705 298 3768 suis
321 3707 447 3788 quietos
471 3708 546 3771 inde
568 3708 721 3775 clamauit
743 3712 990 3795 imperpetuum,
1005 3711 1040 3775 in
1062 3711 1200 3776 vberiori
1222 3712 1333 3790 forma,
1354 3719 1388 3777 et

230 3815 350 3897 absquo
373 3817 439 3880 vlla
462 3819 652 3901 excopeione
671 3822 754 3903 juris
776 3830 833 3886 aut
855 3824 949 3887 facti:
973 3823 1075 3887 Pcciit
1096 3823 1182 3887 idem
1205 3823 1387 3908 Iekprevilr

230 3926 452 3993 iustrumenta

649 4092 720 4158 214.
745 4093 968 4159 Suurrncauus.

272 4259 337 4325 Die
359 4261 512 4327 Mercurii
534 4264 600 4347 xvij
626 4265 749 4344 Marcii,
772 4288 856 4332 anno
879 4268 1012 4331 Domini
1034 4269 1207 4335 millesimo
1229 4269 1387 4357 quingen·

229 4373 345 4439 tesimo
360 4381 459 4451 sexto,
475 4375 651 4441 indictione
665 4377 798 4453 decima,
813 4378 1018 4462 pontificatus
1033 4380 1056 4445 J
1058 4379 1117 4444 ulii
1133 4379 1177 4444 2⁶¹
1195 4400 1281 4446 anno
1294 4381 1340 4459 4⁰,
1353 4387 1389 4447 ct
