2994 4936
256 420 298 489 78
731 430 939 481 rnorocome

90 620 147 659 aa.
166 610 238 660 roos.
254 599 333 657 tunc
357 591 567 676 presentibus,
589 590 756 655 intendere
781 597 816 655 et
840 589 968 655 obedire
993 589 1056 655 sibi
1080 588 1238 674 Magistro
1260 590 1419 672 Martiae,

133 702 199 712 ““
253 704 429 769 ooadiuton‘
450 704 536 768 dicte
557 702 754 780 cancellarie,
768 702 877 786 vigore
898 701 1058 767 dictarum
1071 701 1240 767 literanum
1262 704 1417 787 apostoli-

253 838 371 895 carum,
396 823 552 900 tanquam
577 814 760 898 presidenti,
788 834 913 897 semper
937 820 972 878 et
996 833 1163 897 quousque
1192 826 1416 899 comparerent

253 931 392 994 decanus
414 928 469 993 vel
490 927 700 1003 subdecanus,
716 936 881 1010 precentor
901 926 955 990 vel
976 924 1194 1004 cancellarius,
1209 928 1306 993 auius
1320 930 1415 995 coad-

252 1043 339 1106 iutor
360 1049 410 1105 est
431 1041 562 1105 effectus
585 1039 625 1102 ad
647 1038 833 1102 huiuamodi
855 1038 997 1102 officium
1021 1038 1220 1121 presidencie
1251 1059 1414 1124 exequen-

253 1154 349 1217 dum:
372 1152 474 1233 Super
495 1151 613 1233 quibus
635 1150 734 1234 peciit
755 1151 1016 1227 instrumentum,
1030 1151 1214 1216 sternata
1227 1152 1286 1216 vbi
1307 1172 1415 1237 supra

252 1265 330 1328 hora
344 1270 377 1328 et
391 1263 469 1340 loco,
484 1270 517 1327 et
532 1283 637 1327 coram
651 1263 788 1326 testibus
805 1261 997 1346 prescriptis

552 1535 601 1600 99.
626 1535 837 1619 [Οοηηιηηοη
859 1535 1115 1620 cancerauma]

295 1709 427 1774 Eisdem
449 1709 509 1786 dic,
525 1713 593 1786 eta,
608 1708 715 1773 dictus
738 1709 903 1773 coadiutor
920 1690 1063 1793 porterit
1077 1709 1176 1775 michi
1190 1708 1318 1777 dictum
1338 1730 1412 1797 pro-

251 1843 386 1900 cessum,
409 1828 595 1888 emanatura
624 1842 720 1903 sirper
748 1821 834 1886 dicta
863 1821 1044 1904 prouisione
1073 1821 1278 1901 coadiutorle,
1302 1824 1411 1909 vigore

251 1936 344 2000 ouius
366 1935 508 2018 precepit
529 1934 628 1999 michi
650 1954 779 1997 monera
801 1934 905 1997 dictos
923 1933 1065 2011 vicarios,
1080 1941 1244 2017 presentes
1265 1935 1301 1998 in
1323 1935 1411 2001 dicto

250 2047 319 2112 loco
346 2047 521 2131 capitulari,
537 2046 702 2111 intendere
728 2051 762 2109 et
782 2045 911 2110 obedire
933 2045 996 2109 sibi
1010 2045 1194 2123 coadiutori,
1207 2046 1337 2113 racione
1356 2048 1411 2113 sui

251 2160 348 2225 officii
362 2160 563 2233 coadiutorio,
579 2166 732 2239 tanquam
754 2156 937 2239 presidenti,
953 2162 987 2221 et
1008 2156 1093 2222 nulli
1113 2156 1216 2234 alteri,
1229 2157 1302 2223 viso
1321 2158 1410 2243 quod

250 2270 398 2345 decanus,
421 2269 630 2343 subdecanus,
652 2276 819 2351 precentor
840 2276 873 2333 ot
895 2268 1112 2346 cancellarius,
1134 2267 1227 2334 cuius
1246 2274 1298 2335 ast
1314 2270 1410 2337 cosd-

250 2382 343 2456 iutor,
358 2399 423 2442 ηοη
448 2387 539 2442 crant
559 2386 639 2442 tunc
662 2387 842 2462 presentes:
866 2380 969 2464 Super
994 2381 1113 2464 quibus
1135 2380 1236 2465 peciit
1256 2380 1346 2449 idam
1360 2382 1408 2451 Μ.

250 2490 413 2555 Martinus
427 2490 688 2569 instrumentum,
703 2498 780 2556 eta:
801 2493 886 2556 Acta
900 2499 938 2556 ut
952 2512 1049 2575 supra
1063 2499 1097 2557 et
1111 2492 1168 2557 vbi
1181 2512 1287 2577 supra

542 2769 612 2834 100.
637 2768 844 2852 [Comruroa
866 2767 1118 2852 Oenomaum]

293 2941 387 3019 Item,
409 2941 497 3007 idem
522 2942 679 3027 Magister
703 2942 874 3019 Martinus,
900 2941 1072 3020 coadiutor,
1095 2942 1203 3026 vigore
1227 2940 1310 3009 dicti
1333 2962 1408 3029 pro-

248 3075 366 3133 cessus,
388 3054 487 3119 michi
512 3055 656 3139 porrecti,
681 3054 825 3138 precepit
849 3053 949 3118 michi
971 3073 1100 3119 monere
1114 3053 1239 3119 dictum
1261 3054 1409 3121 Alexan-

248 3168 343 3233 drum
368 3167 480 3251 Inglis,
500 3166 743 3243 thesaurarium,
765 3165 931 3231 intendere
955 3171 989 3230 et
1010 3165 1139 3231 obedire
1164 3164 1228 3231 sibi
1248 3172 1408 3253 tanquam

247 3281 431 3364 presidenti,
445 3280 515 3345 viso
537 3280 624 3365 quod
646 3280 795 3355 decanus,
810 3277 1019 3355 subdecanus,
1034 3282 1202 3362 precentor
1223 3285 1259 3345 at
1280 3278 1408 3347 canoel·

247 3391 355 3471 larius,
370 3394 462 3459 cuius
478 3400 528 3459 cst
542 3392 713 3469 coadiutor,
725 3411 790 3455 non
805 3396 896 3455 erant
910 3396 989 3454 tunc
1004 3397 1168 3473 presentes
1182 3390 1219 3455 iu
1233 3389 1322 3457 dicto
1334 3390 1407 3458 loon

248 3505 417 3586 capitulari
428 3529 435 3569 :
450 3507 553 3590 Super
562 3507 681 3590 quibus
695 3504 795 3590 peciit
809 3502 895 3568 idem
906 3502 952 3566 M.
965 3501 1129 3567 Martinus
1142 3502 1406 3583 instrumentum,

248 3620 307 3677 eto.

632 3778 701 3843 101.
726 3777 1019 3861 [melioremus]

288 3946 419 4012 Eisdem
444 3949 505 4025 die,
527 3954 596 4024 eta,
619 3948 705 4013 idem
728 3949 944 4015 thesaurarius
969 3949 1069 4035 peciit
1093 3951 1218 4035 copiam
1243 3951 1405 4019 diotmum

244 4057 409 4123 literarum
434 4067 468 4124 et
490 4080 703 4144 processuum,
718 4060 760 4124 ad
783 4059 976 4127 auisandum
999 4084 1074 4128 cum
1096 4064 1225 4142 eisdem,
1245 4070 1280 4130 et
1300 4065 1404 4131 eciam

245 4169 344 4253 peciit
358 4170 445 4235 diem
460 4171 501 4235 nd
515 4171 751 4254 responendum
766 4170 895 4237 eudem
