2994 4936
252 422 318 490 474
730 435 936 484 raoroconm

87 624 144 661 111.
163 613 235 663 1512.
251 596 357 672 entiis,
372 596 530 660 iacentem
553 595 638 658 intra
653 594 913 658 vicecomitatum
929 593 968 656 de
991 591 1168 667 Icwthian,
1182 591 1405 656 extendentem

133 701 197 711 '⁸‘
251 707 419 770 annuatim
442 707 483 770 ad
505 706 569 769 uriti
585 713 740 770 marcatas
763 711 918 769 terrarum
934 724 1017 767 noue
1038 709 1198 778 extentus,
1215 703 1257 766 ad
1271 722 1405 767 commu·

250 839 325 882 nem
340 838 435 881 usum
451 825 484 881 et
505 817 688 893 vtilitatem,
704 837 741 880 ac
763 816 931 900 presertim
946 815 987 878 ad
1009 835 1213 878 communem
1229 814 1405 897 pitanciam,

250 929 318 1005 viz,
340 929 372 992 le
393 930 476 1012 petit
498 928 696 1009 commcnyis
718 927 904 990 huiusmodi
925 926 1154 989 monachorum
1176 946 1236 1008 pro
1260 932 1405 1008 perpetuo

251 1041 492 1124 applicandam:
516 1041 621 1117 Quam
636 1040 734 1103 etiarn
750 1039 878 1103 tertiam
893 1045 1019 1120 partem
1033 1043 1192 1100 terrarum
1206 1036 1249 1100 de
1270 1036 1303 1100 le
1318 1037 1405 1098 Ester

252 1152 346 1215 Halis
362 1173 435 1215 cum
450 1151 653 1235 pertinentiis
668 1171 711 1227 se,
725 1151 761 1211 in
783 1149 969 1212 huiusmodi
991 1147 1147 1212 abbaciali
1167 1148 1324 1230 regimine
1338 1168 1405 1211 con-

252 1263 375 1338 stituto,
390 1263 430 1324 ad
454 1282 656 1325 communem
672 1261 899 1324 monachorum
920 1260 1095 1343 pitanciam
1116 1259 1306 1342 predictam,
1329 1279 1404 1322 com·

252 1375 343 1435 muni
365 1380 398 1435 et
420 1373 589 1454 capitulari
616 1373 759 1435 omnium
784 1372 1012 1462 monachorum
1033 1371 1219 1434 huiusmodi
1247 1390 1406 1444 consensu,

251 1483 429 1565 assignauit
451 1489 484 1545 et
506 1482 699 1565 applicauit:
726 1483 813 1559 Quas
834 1482 965 1565 quidem
987 1481 1235 1565 applicationem
1259 1491 1293 1546 et
1314 1483 1406 1565 assig-

252 1594 416 1657 nationem
438 1593 478 1657 de
502 1614 586 1656 nouo
609 1595 772 1676 approbat,
795 1601 880 1657 ratas
905 1595 1003 1658 habet
1032 1601 1064 1657 et
1090 1594 1237 1670 affirmat,
1259 1600 1407 1678 perpetue

251 1705 412 1768 firmitatis
438 1705 552 1769 habere
579 1705 637 1768 wlt
666 1713 699 1768 et
725 1706 876 1782 decernit,
898 1713 931 1769 et
956 1706 1016 1769 hoc
1042 1705 1192 1768 omnibus
1214 1712 1248 1769 et
1279 1705 1408 1789 singulis

251 1837 388 1900 quorum
414 1817 556 1893 interest,
579 1837 636 1880 seu
657 1817 811 1881 interesse
833 1817 951 1898 poterit
972 1817 1007 1878 in
1029 1817 1184 1892 futurum,
1207 1825 1323 1881 notum
1344 1815 1409 1880 fieri

252 1928 310 1991 wlt
324 1950 380 2011 per
402 1935 582 2011 presentes:
608 1928 711 1992 Peciit
733 1928 893 2010 dompnus
915 1928 1055 1992 Jacobus
1078 1928 1221 2004 Lawson,
1236 1928 1409 1992 monachus

253 2041 412 2122 professus
442 2060 479 2103 ac
510 2047 619 2104 cantor
648 2039 728 2102 dicti
757 2039 943 2103 monasterii
966 2039 1006 2102 de
1032 2039 1260 2122 Dunlermlyn,
1283 2040 1409 2103 nomine

253 2152 379 2233 proprio
410 2171 447 2214 ac
476 2150 661 2214 huiusmodi
695 2150 924 2213 monachorum
954 2171 990 2214 ac
1024 2171 1243 2215 successorum
1272 2171 1409 2226 suorum,

253 2261 484 2326 instrumenta:
507 2263 592 2325 Acta
606 2269 643 2325 vt
658 2282 759 2343 supra

646 2539 716 2600 616.
741 2538 1025 2601 Lawsou-Insn.

296 2706 427 2770 Eisdem
442 2728 499 2790 per
521 2709 645 2772 omnia:
670 2709 761 2772 ldem
784 2710 942 2791 dompnus
956 2711 980 2773 J
982 2710 1098 2774 acubus
1122 2711 1256 2774 Lawson
1278 2712 1410 2776 tradidit

252 2819 352 2887 michi
373 2819 534 2902 quandam
557 2819 743 2883 facultatem
766 2821 980 2902 apostolicam,
996 2823 1065 2885 siue
1088 2823 1327 2900 confessionale,
1342 2825 1409 2887 siue

252 2930 528 3014 supplicationem,
559 2932 618 2995 sub
655 2932 755 2994 forma
784 2932 967 2996 beatissime
998 2934 1164 3016 signatam,
1193 2954 1251 3017 per
1280 2936 1346 3011 fiat,
1374 2944 1411 2999 vt

252 3043 381 3124 petitur,
396 3064 415 3106 a
431 3044 505 3107 sede
521 3042 703 3126 apostolica,
713 3043 811 3106 ctiam
822 3044 966 3125 personis
981 3044 1017 3105 in
1032 3045 1142 3107 eadem
1155 3047 1324 3124 contentis,
1336 3068 1409 3111 con-

252 3173 373 3217 cessam
389 3162 422 3217 et
444 3155 613 3231 indultam,
629 3155 826 3238 capiendam,
841 3155 1123 3232 transcribendam,
1139 3159 1410 3236 transumendam,

252 3286 288 3328 ac
303 3265 338 3328 in
353 3266 516 3347 publicam
532 3267 666 3329 formam
682 3267 962 3330 instrumentalem
977 3267 1196 3349 redigendam
1211 3269 1303 3332 cuius
1319 3276 1411 3334 tenor

252 3378 414 3459 sequitur:
437 3378 541 3440 Peciit
562 3377 646 3440 idem
670 3378 829 3459 dompnus
845 3378 867 3440 J
869 3378 985 3441 acobus
1001 3379 1129 3442 nomine
1145 3381 1271 3462 proprio
1287 3388 1320 3444 et
1335 3402 1409 3445 con-

253 3496 372 3551 uentus
395 3488 434 3551 de
459 3488 688 3570 Dumlermlyn
711 3489 945 3552 instrumenta:
975 3490 1060 3553 Acta
1086 3497 1122 3552 vt
1151 3499 1185 3554 et
1213 3492 1268 3554 vbi
1294 3513 1412 3576 supra:

253 3599 407 3681 Sequitur
426 3607 518 3662 tenor
532 3600 716 3664 facultatis:
739 3601 929 3664 Beatissime
945 3608 1043 3683 pater,
1059 3608 1095 3664 vt
1110 3603 1290 3666 animarum
1310 3605 1409 3669 saluti

252 3708 441 3772 deuotorum
457 3719 617 3774 oratorum
628 3719 806 3775 vestrorum
821 3712 1031 3791 dominorum,
1041 3714 1297 3779 reuerendissimi
1309 3718 1410 3798 patris

211 3870 215 3877 .
252 3819 374 3881 domini
389 3822 411 3885 J
414 3822 503 3884 acobi
519 3822 644 3885 abbatis
667 3822 818 3898 moderni,
833 3823 947 3906 prioris
970 3831 1003 3888 et
1025 3834 1203 3889 conuentus
1223 3830 1410 3892 monasterii

252 3931 342 3994 beate
369 3931 472 3994 Marie
495 3932 534 3995 de
561 3933 797 4016 Dumfermlyn‚
822 3935 981 3999 Willelmi
1004 3937 1144 4020 episcopi
1166 3938 1409 4016 Abirdonensis,

251 4042 380 4106 Andree
412 4043 565 4126 episcopii
596 4045 817 4121 Morauiensis,
848 4047 1007 4111 Johannis
1037 4049 1150 4131 prioris
1181 4050 1410 4129 Sanctiandris,

251 4154 360 4218 Dauid
380 4155 504 4218 abbatis
520 4154 559 4217 de
576 4154 889 4239 Cambusskynneth,
902 4159 1032 4223 Roberti
1053 4161 1177 4224 abbatis
1193 4162 1288 4225 vallis
1304 4163 1410 4241 Lucis,

251 4264 381 4329 Roberti
405 4265 542 4330 Boswell
567 4266 680 4329 decani
703 4267 742 4331 de
765 4269 948 4347 Rostanrik,
964 4247 1117 4335 blacolmi
1140 4272 1245 4337 Arnot
1268 4274 1409 4339 ministri

252 4375 362 4439 Fontis
394 4377 508 4452 Scotie,
538 4378 653 4442 Jacobi
683 4379 871 4465 Kyntcragy
901 4382 1031 4446 rectoris
1060 4382 1099 4447 de
1131 4383 1219 4466 Spot,
1249 4384 1408 4449 Willalmi
