2994 4936
223 455 264 520 70
696 471 902 520 rnorccoum

58 653 116 691 un.
134 643 206 692 1504.
221 626 370 691 manibus
381 626 450 691 suis
464 627 584 712 cripere
598 649 663 692 non
677 636 810 713 poterat,
821 649 946 694 necnon
960 636 1096 694 metuet
1109 636 1225 694 terrore
1239 629 1377 696 eliorum

100 735 166 744 “““
222 759 356 803 casuum
369 740 582 818 fortuitorum,
597 741 770 824 exquibus
785 741 896 806 sibiet
916 761 975 805 suo
997 741 1151 806 beneficio
1172 741 1330 806 lesionem
1344 750 1378 809 et

220 872 395 934 grauamen
423 852 536 916 inferri
565 853 707 929 timebat,
733 853 803 917 viso
832 853 919 937 qnod
946 853 1056 918 literne
1084 852 1269 919 collsoionis
1297 854 1379 920 dicti

221 963 369 1028 beneficii
390 964 431 1028 de
446 963 577 1040 Oadder,
591 985 657 1028 vna
677 984 753 1029 oum
766 964 858 1029 bulla
878 965 980 1048 prime
1001 965 1261 1050 legittimacionis
1274 967 1377 1051 ipsius

222 1075 371 1158 Magistri
383 1075 541 1152 Rollandi,
551 1096 572 1139 c
585 1076 660 1140 sede
671 1077 816 1141 Romana
830 1077 935 1141 eidem
944 1097 1094 1161 generose
1105 1098 1279 1155 concessas,
1289 1078 1377 1144 idern

221 1187 370 1250 dominus
392 1188 551 1251 Patricius
573 1187 734 1252 Blakader
754 1189 842 1272 apud
863 1209 898 1254 so
924 1195 1065 1253 seruatas
1090 1189 1257 1268 retinebat,
1272 1191 1376 1256 solen-

221 1299 305 1362 niter
318 1304 513 1381 proteststus
527 1320 568 1364 ne
583 1299 689 1364 dicbrs
704 1307 885 1365 contractus
904 1321 943 1365 sc
964 1308 1305 1385 appunctuementum,
1319 1309 1378 1368 ent

220 1418 476 1493 transsumptum
497 1411 651 1487 eiusdem,
672 1411 777 1488 robur,
791 1412 1041 1490 munimentum,
1055 1420 1113 1478 ant
1133 1413 1320 1479 firmitatem
1339 1414 1376 1479 in

216 1522 339 1604 judicio
353 1529 411 1585 aut
425 1529 517 1586 extra
531 1523 705 1599 obtineant,
715 1524 769 1588 vel
784 1523 848 1588 sibi
861 1524 929 1588 suis
943 1524 1097 1590 beneficio
1111 1532 1169 1590 ant
1179 1525 1376 1591 consciencie

57 1641 112 1693 Pol.
127 1643 168 1694 25.
220 1635 432 1716 preiudicium
454 1634 586 1718 aliquod
606 1642 664 1699 ant
684 1635 839 1700 lesionem
859 1636 1009 1714 inierant,
1023 1644 1081 1701 aut
1100 1637 1247 1721 perprius
1269 1638 1376 1704 soluts

221 1747 261 1811 de
276 1746 461 1810 huiusmodi
474 1748 578 1811 farina
590 1756 625 1812 et
641 1748 786 1831 pecunie,
799 1769 857 1831 per
871 1748 995 1812 dictum
1010 1749 1055 1813 Μ
1071 1748 1275 1827 Rollsndnm,
1289 1749 1375 1815 dicto

220 1880 280 1923 suo
308 1859 400 1943 patri,
426 1860 551 1924 racione
580 1860 765 1924 huiusmodi
798 1867 988 1937 contractus,
1017 1860 1080 1924 sibi
1110 1861 1312 1944 preindicent
1339 1861 1375 1927 in

221 1973 385 2036 futurum:
406 1971 510 2056 Super
531 1973 649 2056 quibus
669 1974 768 2056 peciit
789 1973 894 2037 dictus
916 1973 961 2036 bl
977 1971 1154 2036 Rollnndns
1174 1972 1375 2038 subdecanus

220 2084 473 2149 instrumentum
490 2094 548 2148 aut
568 2085 800 2150 instrumente:
820 2085 904 2148 Acta
926 2084 961 2146 in
976 2083 1111 2148 ecclesia
1131 2085 1376 2169 metropolitana

221 2196 423 2280 Glaurnensi,
445 2208 529 2259 retro
559 2217 711 2280 magnum
733 2195 841 2272 altare,
865 2204 1007 2278 tempore
1031 2216 1146 2280 magne
1168 2195 1275 2275 misse,
1297 2196 1376 2262 hora

221 2308 314 2391 quasi
343 2306 629 2390 xj,velesci1ca;
657 2307 868 2390 presentibus,
899 2307 1037 2371 dominis
1062 2307 1185 2372 Thema
1211 2308 1310 2374 Olerk
1341 2316 1376 2376 ot

219 2419 351 2483 Andrna
384 2417 502 2494 Burell,
535 2419 719 2502 capellanis,
751 2426 785 2483 et
817 2419 947 2483 domiuo
980 2419 1137 2484 Richnrdo
1169 2419 1376 2505 Pergussone,

220 2529 394 2614 capellano,
408 2530 531 2594 notario
554 2530 691 2613 publico,
707 2538 742 2597 et
763 2532 916 2596 semitore
937 2531 1076 2614 quodum
1094 2531 1173 2597 dicti
1193 2532 1376 2612 subdecani,

221 2641 380 2719 iiticlicet,
395 2641 534 2707 Roberto
549 2642 664 2707 Broun

586 2916 636 2980 89.
660 2915 1013 2982 onustus-Busan

263 3095 361 3159 Anno
380 3090 513 3155 Domini
528 3090 581 3154 M⁰
598 3091 855 3175 quingentesimo
869 3093 913 3170 4⁰,
928 3094 981 3158 die
996 3113 1071 3159 vero
1086 3093 1205 3158 mensis
1225 3093 1375 3159 ianuarii

219 3220 321 3285 sexto,
335 3206 511 3271 indictione
525 3205 607 3289 sija
621 3205 827 3289 pontificatus
847 3226 929 3291 pape
946 3207 969 3272 J
971 3205 1031 3270 ulii
1060 3203 1104 3269 2¹¹¹
1120 3225 1205 3269 anno
1226 3206 1374 3283 secundo,

219 3330 252 3387 ot
267 3344 352 3387 antro
366 3321 455 3406 nrgrri
464 3320 579 3386 lambi
594 3319 702 3404 quarti
716 3319 812 3402 xvij0:
833 3318 877 3382 Μ.
890 3319 999 3383 Dauid
1014 3317 1222 3403 Ohonigham,
1235 3317 1374 3384 vicarius

218 3435 375 3518 pinrcmlis
390 3433 647 3499 renercndissimi
662 3433 763 3518 patris
778 3432 909 3497 Roberti
920 3431 1126 3515 Glasgneusis
1138 3430 1373 3515 archiepiscopi,

219 3547 253 3610 iu
279 3548 410 3611 minutis
435 3567 542 3629 agens,
563 3568 639 3612 cnrn
665 3547 722 3612 illa
748 3544 900 3622 clausula,
927 3544 1029 3610 Vobis
1057 3543 1168 3619 tribus,
1190 3550 1374 3609 vestrumve

218 3657 351 3725 dutinus.
377 3664 435 3720 ont
461 3658 780 3741 vni-dispensans,
803 3659 923 3724 virtute
946 3655 1114 3723 cniusdam
1141 3655 1373 3721 commissionis

217 3768 304 3833 elicto
326 3765 563 3851 imisiepiscopo
584 3779 618 3833 et
639 3770 707 3834 suis
728 3773 857 3836 sicariis
877 3770 1078 3855 generalibus
1097 3767 1272 3844 commisse,
1297 3788 1372 3833 cnm

216 3880 346 3945 Arutnn
363 3878 537 3955 Cnrwl‘nui,
551 3888 630 3944 tunc
644 3890 800 3963 presente,
815 3892 848 3947 et
863 3882 1042 3947 Katberina
1061 3881 1155 3945 Blnrs
1169 3886 1389 3962 comparente.

216 4011 273 4075 por
296 3992 339 4057 bi.
362 3990 563 4055 ii'illebnuru
588 3992 751 4076 Kcnuidy,
773 4001 1006 4076 procuratorem
1029 4000 1063 4058 et
1078 4012 1117 4057 eo
1138 3991 1268 4056 nomine
1286 3991 1371 4058 dicte

219 4102 403 4175 liutherius,
418 4103 459 4167 nd
482 4103 542 4169 hoc
563 4104 725 4169 subiciens
747 4104 936 4169 mandatum
957 4105 1138 4179 habentem,
1155 4111 1252 4186 prout
1271 4102 1371 4170 michi

215 4214 369 4299 legitimis
398 4216 566 4282 coustaint
594 4217 804 4294 ‹insumentia
830 4218 1026 4303 attingentes
1055 4235 1089 4278 se
1119 4214 1270 4292 inuicem,
1301 4222 1370 4294 etc,

213 4338 329 4411 ‹prrinto
357 4329 646 4411 consanguinitatis
674 4331 783 4415 gradu,
812 4338 847 4397 et
874 4330 996 4416 prolem
1024 4324 1100 4390 inde
1129 4325 1369 4409 suscipiendam

213 4439 391 4525 linitionem
412 4438 574 4509 ‹increuitt
594 4442 699 4511 Tenos
719 4444 954 4511 commissionis
974 4434 1097 4518 incepit
1110 4432 1166 4507 δίο»
1180 4433 1369 4503 Venerabili
