<?xml version="1.0" encoding="UTF-8"?>
<!DOCTYPE html PUBLIC "-//W3C//DTD XHTML 1.0 Transitional//EN"
    "http://www.w3.org/TR/xhtml1/DTD/xhtml1-transitional.dtd">
<html xmlns="http://www.w3.org/1999/xhtml" xml:lang="en" lang="en">
 <head>
  <title>
</title>
<meta http-equiv="Content-Type" content="text/html;charset=utf-8" />
  <meta name='ocr-system' content='tesseract 3.04.00' />
  <meta name='ocr-capabilities' content='ocr_page ocr_carea ocr_par ocr_line ocrx_word'/>
</head>
<body>
  <div class='ocr_page' id='page_1' title='image "./liberprotocollo00rogegoog/liberprotocollo00rogegoog_0371.png"; bbox 0 0 2994 4936; ppageno 0'>
   <div class='ocr_carea' id='block_1_1' title="bbox 699 453 906 504">
    <p class='ocr_par' dir='ltr' id='par_1_1' title="bbox 699 453 906 504">
     <span class='ocr_line' id='line_1_1' title="bbox 699 453 906 504; baseline 0.005 -2"><span class='ocrx_word' id='word_1_1' title='bbox 699 453 906 504; x_wconf 73' lang='lat' dir='ltr'><strong>Puoroconua</strong></span> 
     </span>
    </p>
   </div>
   <div class='ocr_carea' id='block_1_2' title="bbox 520 658 1087 724">
    <p class='ocr_par' dir='ltr' id='par_1_2' title="bbox 520 658 1087 724">
     <span class='ocr_line' id='line_1_2' title="bbox 520 658 1087 724; baseline 0.002 -2"><span class='ocrx_word' id='word_1_2' title='bbox 520 658 592 723; x_wconf 85' lang='lat'>460.</span> <span class='ocrx_word' id='word_1_3' title='bbox 616 659 1087 724; x_wconf 81' lang='lat' dir='ltr'><strong>Annunsrour-Howsroun.</strong></span> 
     </span>
    </p>
   </div>
   <div class='ocr_carea' id='block_1_3' title="bbox 184 829 1404 2582">
    <p class='ocr_par' dir='ltr' id='par_1_3' title="bbox 184 829 1404 2582">
     <span class='ocr_line' id='line_1_3' title="bbox 266 829 1401 916; baseline 0.003 -23"><span class='ocrx_word' id='word_1_4' title='bbox 266 831 329 894; x_wconf 89' lang='lat' dir='ltr'><strong>Die</strong></span> <span class='ocrx_word' id='word_1_5' title='bbox 353 831 450 908; x_wconf 84' lang='lat' dir='ltr'><strong>Luna,</strong></span> <span class='ocrx_word' id='word_1_6' title='bbox 465 832 554 916; x_wconf 79' lang='lat' dir='ltr'><strong>xxvij</strong></span> <span class='ocrx_word' id='word_1_7' title='bbox 576 833 696 897; x_wconf 84' lang='lat' dir='ltr'>mensis</span> <span class='ocrx_word' id='word_1_8' title='bbox 718 831 809 910; x_wconf 91' lang='lat' dir='ltr'><strong>Maii,</strong></span> <span class='ocrx_word' id='word_1_9' title='bbox 831 852 917 896; x_wconf 89' lang='lat' dir='ltr'><strong>anno</strong></span> <span class='ocrx_word' id='word_1_10' title='bbox 938 829 1199 916; x_wconf 86' lang='lat' dir='ltr'><strong>quingentesimo</strong></span> <span class='ocrx_word' id='word_1_11' title='bbox 1223 840 1274 911; x_wconf 78' lang='lat' dir='ltr'><strong>x0,</strong></span> <span class='ocrx_word' id='word_1_12' title='bbox 1290 832 1401 896; x_wconf 88' lang='lat' dir='ltr'><strong>indic-</strong></span> 
     </span>
     <span class='ocr_line' id='line_1_4' title="bbox 223 940 1404 1028; baseline 0.004 -23"><span class='ocrx_word' id='word_1_13' title='bbox 223 942 311 1006; x_wconf 90' lang='lat' dir='ltr'><strong>tione</strong></span> <span class='ocrx_word' id='word_1_14' title='bbox 335 943 403 1025; x_wconf 89' lang='lat' dir='ltr'><strong>xiij,</strong></span> <span class='ocrx_word' id='word_1_15' title='bbox 425 943 631 1026; x_wconf 89' lang='lat' dir='ltr'><strong>pontificatus</strong></span> <span class='ocrx_word' id='word_1_16' title='bbox 657 943 742 1008; x_wconf 85' lang='lat' dir='ltr'><strong>Julii</strong></span> <span class='ocrx_word' id='word_1_17' title='bbox 760 941 804 1007; x_wconf 70' lang='grc' dir='ltr'><strong>2(ιι</strong></span> <span class='ocrx_word' id='word_1_18' title='bbox 824 963 910 1007; x_wconf 89' lang='lat' dir='ltr'><strong>anno</strong></span> <span class='ocrx_word' id='word_1_19' title='bbox 935 944 1004 1026; x_wconf 87' lang='lat' dir='ltr'><strong>vij⁰,</strong></span> <span class='ocrx_word' id='word_1_20' title='bbox 1019 949 1053 1007; x_wconf 91' lang='lat' dir='ltr'><strong>et</strong></span> <span class='ocrx_word' id='word_1_21' title='bbox 1074 940 1165 1027; x_wconf 84' lang='lat' dir='ltr'><strong>regni</strong></span> <span class='ocrx_word' id='word_1_22' title='bbox 1188 962 1283 1007; x_wconf 87' lang='lat' dir='ltr'><strong>anno</strong></span> <span class='ocrx_word' id='word_1_23' title='bbox 1306 945 1404 1028; x_wconf 86' lang='lat' dir='ltr'><strong>xxij:</strong></span> 
     </span>
     <span class='ocr_line' id='line_1_5' title="bbox 225 1052 1402 1139; baseline 0.003 -22"><span class='ocrx_word' id='word_1_24' title='bbox 225 1053 339 1117; x_wconf 85' lang='lat' dir='ltr'><strong>Coram</strong></span> <span class='ocrx_word' id='word_1_25' title='bbox 355 1054 619 1119; x_wconf 88' lang='lat' dir='ltr'><strong>reuerendissimo</strong></span> <span class='ocrx_word' id='word_1_26' title='bbox 637 1061 728 1138; x_wconf 91' lang='lat' dir='ltr'><strong>patre</strong></span> <span class='ocrx_word' id='word_1_27' title='bbox 743 1055 766 1118; x_wconf 89' lang='lat' dir='ltr'>J</span> <span class='ocrx_word' id='word_1_28' title='bbox 767 1054 864 1118; x_wconf 89' lang='lat' dir='ltr'><strong>acobo</strong></span> <span class='ocrx_word' id='word_1_29' title='bbox 879 1053 1073 1138; x_wconf 83' lang='lat' dir='ltr'><strong>Glasguensi</strong></span> <span class='ocrx_word' id='word_1_30' title='bbox 1087 1052 1350 1139; x_wconf 77' lang='lat' dir='ltr'>archiepiscopo,</span> <span class='ocrx_word' id='word_1_31' title='bbox 1365 1061 1402 1120; x_wconf 87' lang='lat' dir='ltr'><strong>et</strong></span> 
     </span>
     <span class='ocr_line' id='line_1_6' title="bbox 224 1164 1400 1249; baseline 0.004 -23"><span class='ocrx_word' id='word_1_32' title='bbox 224 1165 414 1246; x_wconf 76' lang='lat' dir='ltr'><strong>presidente,</strong></span> <span class='ocrx_word' id='word_1_33' title='bbox 430 1172 462 1229; x_wconf 90' lang='lat' dir='ltr'><strong>et</strong></span> <span class='ocrx_word' id='word_1_34' title='bbox 477 1164 619 1247; x_wconf 87' lang='lat' dir='ltr'><strong>capitulo</strong></span> <span class='ocrx_word' id='word_1_35' title='bbox 642 1165 746 1229; x_wconf 91' lang='lat' dir='ltr'><strong>eidem</strong></span> <span class='ocrx_word' id='word_1_36' title='bbox 761 1165 985 1241; x_wconf 77' lang='lat' dir='ltr'><strong>assidentibus,</strong></span> <span class='ocrx_word' id='word_1_37' title='bbox 1001 1171 1074 1248; x_wconf 87' lang='lat' dir='ltr'><strong>post</strong></span> <span class='ocrx_word' id='word_1_38' title='bbox 1091 1183 1209 1228; x_wconf 88' lang='lat' dir='ltr'><strong>sonum</strong></span> <span class='ocrx_word' id='word_1_39' title='bbox 1232 1185 1400 1249; x_wconf 83' lang='lat' dir='ltr'><strong>campane</strong></span> 
     </span>
     <span class='ocr_line' id='line_1_7' title="bbox 224 1275 1400 1360; baseline 0.005 -23"><span class='ocrx_word' id='word_1_40' title='bbox 224 1275 351 1358; x_wconf 85' lang='lat' dir='ltr'><strong>pulsate</strong></span> <span class='ocrx_word' id='word_1_41' title='bbox 373 1275 593 1357; x_wconf 74' lang='lat' dir='ltr'><strong>capitulariter</strong></span> <span class='ocrx_word' id='word_1_42' title='bbox 615 1277 821 1359; x_wconf 85' lang='lat' dir='ltr'><strong>congregatis,</strong></span> <span class='ocrx_word' id='word_1_43' title='bbox 837 1276 960 1360; x_wconf 85' lang='lat' dir='ltr'><strong>placuit</strong></span> <span class='ocrx_word' id='word_1_44' title='bbox 982 1276 1110 1340; x_wconf 88' lang='lat' dir='ltr'><strong>domino</strong></span> <span class='ocrx_word' id='word_1_45' title='bbox 1125 1275 1148 1339; x_wconf 84' lang='lat' dir='ltr'><strong>J</strong></span> <span class='ocrx_word' id='word_1_46' title='bbox 1149 1275 1251 1340; x_wconf 86' lang='lat' dir='ltr'><strong>acobo</strong></span> <span class='ocrx_word' id='word_1_47' title='bbox 1274 1277 1400 1343; x_wconf 82' lang='lat' dir='ltr'><strong>Howa-</strong></span> 
     </span>
     <span class='ocr_line' id='line_1_8' title="bbox 224 1385 1398 1468; baseline 0.007 -21"><span class='ocrx_word' id='word_1_48' title='bbox 224 1392 312 1460; x_wconf 89' lang='lat' dir='ltr'><strong>toun,</strong></span> <span class='ocrx_word' id='word_1_49' title='bbox 327 1406 364 1448; x_wconf 88' lang='lat' dir='ltr'><strong>cc</strong></span> <span class='ocrx_word' id='word_1_50' title='bbox 386 1385 472 1449; x_wconf 91' lang='lat' dir='ltr'><strong>idem</strong></span> <span class='ocrx_word' id='word_1_51' title='bbox 491 1386 686 1450; x_wconf 87' lang='lat' dir='ltr'><strong>iudicialiter</strong></span> <span class='ocrx_word' id='word_1_52' title='bbox 707 1388 877 1465; x_wconf 89' lang='lat' dir='ltr'><strong>consensit,</strong></span> <span class='ocrx_word' id='word_1_53' title='bbox 893 1395 926 1453; x_wconf 91' lang='lat' dir='ltr'><strong>et</strong></span> <span class='ocrx_word' id='word_1_54' title='bbox 945 1394 1115 1452; x_wconf 88' lang='lat' dir='ltr'><strong>contentus</strong></span> <span class='ocrx_word' id='word_1_55' title='bbox 1129 1386 1203 1466; x_wconf 78' lang='lat' dir='ltr'><strong>fuit,</strong></span> <span class='ocrx_word' id='word_1_56' title='bbox 1218 1407 1260 1452; x_wconf 86' lang='lat' dir='ltr'><strong>ac</strong></span> <span class='ocrx_word' id='word_1_57' title='bbox 1275 1389 1398 1468; x_wconf 84' lang='lat' dir='ltr'><strong>voluit,</strong></span> 
     </span>
     <span class='ocr_line' id='line_1_9' title="bbox 224 1495 1396 1581; baseline 0.006 -23"><span class='ocrx_word' id='word_1_58' title='bbox 224 1496 310 1579; x_wconf 91' lang='lat' dir='ltr'><strong>quod</strong></span> <span class='ocrx_word' id='word_1_59' title='bbox 340 1495 582 1561; x_wconf 87' lang='lat' dir='ltr'><strong>Bartholomeus</strong></span> <span class='ocrx_word' id='word_1_60' title='bbox 614 1497 812 1562; x_wconf 87' lang='lat' dir='ltr'><strong>Alderstoun</strong></span> <span class='ocrx_word' id='word_1_61' title='bbox 848 1499 1037 1563; x_wconf 87' lang='lat' dir='ltr'><strong>restituatur</strong></span> <span class='ocrx_word' id='word_1_62' title='bbox 1070 1497 1111 1561; x_wconf 86' lang='lat' dir='ltr'><strong>ad</strong></span> <span class='ocrx_word' id='word_1_63' title='bbox 1147 1500 1396 1581; x_wconf 85' lang='lat' dir='ltr'><strong>possessionem</strong></span> 
     </span>
     <span class='ocr_line' id='line_1_10' title="bbox 225 1607 1398 1692; baseline 0.008 -23"><span class='ocrx_word' id='word_1_64' title='bbox 225 1607 390 1670; x_wconf 87' lang='lat' dir='ltr'><strong>cuiusdam</strong></span> <span class='ocrx_word' id='word_1_65' title='bbox 417 1607 531 1671; x_wconf 86' lang='lat' dir='ltr'><strong>domus</strong></span> <span class='ocrx_word' id='word_1_66' title='bbox 553 1609 745 1691; x_wconf 85' lang='lat' dir='ltr'><strong>pertinentis</strong></span> <span class='ocrx_word' id='word_1_67' title='bbox 767 1609 945 1692; x_wconf 81' lang='lat' dir='ltr'><strong>capellanie</strong></span> <span class='ocrx_word' id='word_1_68' title='bbox 967 1609 1046 1673; x_wconf 90' lang='lat' dir='ltr'><strong>dicti</strong></span> <span class='ocrx_word' id='word_1_69' title='bbox 1068 1608 1191 1673; x_wconf 91' lang='lat' dir='ltr'><strong>domini</strong></span> <span class='ocrx_word' id='word_1_70' title='bbox 1212 1609 1345 1690; x_wconf 85' lang='lat' dir='ltr'><strong>Jacobi,</strong></span> <span class='ocrx_word' id='word_1_71' title='bbox 1361 1619 1398 1678; x_wconf 85' lang='lat' dir='ltr'><strong>et</strong></span> 
     </span>
     <span class='ocr_line' id='line_1_11' title="bbox 225 1719 1395 1801; baseline 0.005 -19"><span class='ocrx_word' id='word_1_72' title='bbox 225 1740 322 1801; x_wconf 91' lang='lat' dir='ltr'><strong>quam</strong></span> <span class='ocrx_word' id='word_1_73' title='bbox 348 1719 434 1783; x_wconf 91' lang='lat' dir='ltr'><strong>idem</strong></span> <span class='ocrx_word' id='word_1_74' title='bbox 460 1719 703 1785; x_wconf 87' lang='lat' dir='ltr'><strong>Bartholomeus</strong></span> <span class='ocrx_word' id='word_1_75' title='bbox 729 1721 844 1785; x_wconf 91' lang='lat' dir='ltr'><strong>habuit</strong></span> <span class='ocrx_word' id='word_1_76' title='bbox 865 1722 901 1784; x_wconf 91' lang='lat' dir='ltr'><strong>iu</strong></span> <span class='ocrx_word' id='word_1_77' title='bbox 927 1721 1061 1786; x_wconf 89' lang='lat' dir='ltr'><strong>arrenda</strong></span> <span class='ocrx_word' id='word_1_78' title='bbox 1086 1721 1157 1784; x_wconf 88' lang='lat' dir='ltr'><strong>siue</strong></span> <span class='ocrx_word' id='word_1_79' title='bbox 1183 1721 1395 1789; x_wconf 75' lang='lat' dir='ltr'><strong>assectatione</strong></span> 
     </span>
     <span class='ocr_line' id='line_1_12' title="bbox 184 1831 1396 1917; baseline 0.005 -24"><span class='ocrx_word' id='word_1_80' title='bbox 184 1850 191 1861; x_wconf 88' lang='lat'><strong>·</strong></span> <span class='ocrx_word' id='word_1_81' title='bbox 225 1851 309 1894; x_wconf 88' lang='lat' dir='ltr'><strong>anno</strong></span> <span class='ocrx_word' id='word_1_82' title='bbox 333 1831 484 1914; x_wconf 90' lang='lat' dir='ltr'><strong>preterito</strong></span> <span class='ocrx_word' id='word_1_83' title='bbox 504 1831 625 1896; x_wconf 82' lang='lat' dir='ltr'><strong>edicto</strong></span> <span class='ocrx_word' id='word_1_84' title='bbox 647 1831 777 1896; x_wconf 92' lang='lat' dir='ltr'><strong>domino</strong></span> <span class='ocrx_word' id='word_1_85' title='bbox 792 1833 815 1896; x_wconf 86' lang='lat' dir='ltr'><strong>J</strong></span> <span class='ocrx_word' id='word_1_86' title='bbox 817 1832 922 1908; x_wconf 80' lang='lat' dir='ltr'><strong>scobe,</strong></span> <span class='ocrx_word' id='word_1_87' title='bbox 937 1831 1016 1897; x_wconf 89' lang='lat' dir='ltr'><strong>adeo</strong></span> <span class='ocrx_word' id='word_1_88' title='bbox 1039 1831 1214 1914; x_wconf 86' lang='lat' dir='ltr'><strong>pacificam,</strong></span> <span class='ocrx_word' id='word_1_89' title='bbox 1228 1851 1269 1896; x_wconf 88' lang='lat' dir='ltr'><strong>cc</strong></span> <span class='ocrx_word' id='word_1_90' title='bbox 1292 1842 1396 1917; x_wconf 89' lang='lat' dir='ltr'><strong>prout</strong></span> 
     </span>
     <span class='ocr_line' id='line_1_13' title="bbox 226 1941 1394 2025; baseline 0.005 -19"><span class='ocrx_word' id='word_1_91' title='bbox 226 1951 259 2006; x_wconf 91' lang='lat' dir='ltr'><strong>et</strong></span> <span class='ocrx_word' id='word_1_92' title='bbox 274 1942 543 2025; x_wconf 88' lang='lat' dir='ltr'><strong>quemadmodum</strong></span> <span class='ocrx_word' id='word_1_93' title='bbox 559 1943 645 2007; x_wconf 92' lang='lat' dir='ltr'><strong>idem</strong></span> <span class='ocrx_word' id='word_1_94' title='bbox 661 1942 905 2009; x_wconf 85' lang='lat' dir='ltr'><strong>Bartholomeus</strong></span> <span class='ocrx_word' id='word_1_95' title='bbox 927 1942 1110 2025; x_wconf 88' lang='lat' dir='ltr'><strong>possidebat</strong></span> <span class='ocrx_word' id='word_1_96' title='bbox 1124 1941 1269 2020; x_wconf 87' lang='lat' dir='ltr'><strong>eandem,</strong></span> <span class='ocrx_word' id='word_1_97' title='bbox 1286 1943 1394 2012; x_wconf 75' lang='lat' dir='ltr'><strong>libere</strong></span> 
     </span>
     <span class='ocr_line' id='line_1_14' title="bbox 225 2053 1394 2137; baseline 0.003 -19"><span class='ocrx_word' id='word_1_98' title='bbox 225 2061 259 2118; x_wconf 91' lang='lat' dir='ltr'><strong>et</strong></span> <span class='ocrx_word' id='word_1_99' title='bbox 287 2055 427 2137; x_wconf 86' lang='lat' dir='ltr'><strong>pacifice,</strong></span> <span class='ocrx_word' id='word_1_100' title='bbox 453 2055 505 2119; x_wconf 92' lang='lat' dir='ltr'><strong>die</strong></span> <span class='ocrx_word' id='word_1_101' title='bbox 532 2055 759 2119; x_wconf 86' lang='lat' dir='ltr'><strong>Pentechostes</strong></span> <span class='ocrx_word' id='word_1_102' title='bbox 785 2053 898 2118; x_wconf 92' lang='lat' dir='ltr'><strong>vltimo</strong></span> <span class='ocrx_word' id='word_1_103' title='bbox 925 2054 1069 2118; x_wconf 82' lang='lat' dir='ltr'><strong>defluxo:</strong></span> <span class='ocrx_word' id='word_1_104' title='bbox 1098 2053 1201 2117; x_wconf 90' lang='lat' dir='ltr'><strong>Peciit</strong></span> <span class='ocrx_word' id='word_1_105' title='bbox 1230 2054 1394 2122; x_wconf 84' lang='lat' dir='ltr'><strong>Matheus</strong></span> 
     </span>
     <span class='ocr_line' id='line_1_15' title="bbox 226 2164 1393 2249; baseline 0.003 -20"><span class='ocrx_word' id='word_1_106' title='bbox 226 2187 331 2230; x_wconf 90' lang='lat' dir='ltr'><strong>comes</strong></span> <span class='ocrx_word' id='word_1_107' title='bbox 354 2167 471 2243; x_wconf 79' lang='lat' dir='ltr'><strong>Ienax,</strong></span> <span class='ocrx_word' id='word_1_108' title='bbox 487 2165 667 2249; x_wconf 84' lang='lat' dir='ltr'><strong>prolocutor</strong></span> <span class='ocrx_word' id='word_1_109' title='bbox 684 2166 764 2231; x_wconf 90' lang='lat' dir='ltr'><strong>dicti</strong></span> <span class='ocrx_word' id='word_1_110' title='bbox 781 2164 1007 2243; x_wconf 87' lang='lat' dir='ltr'><strong>Bartholomei‚</strong></span> <span class='ocrx_word' id='word_1_111' title='bbox 1022 2165 1151 2230; x_wconf 91' lang='lat' dir='ltr'><strong>nomine</strong></span> <span class='ocrx_word' id='word_1_112' title='bbox 1166 2165 1324 2245; x_wconf 87' lang='lat' dir='ltr'><strong>eiusdem,</strong></span> <span class='ocrx_word' id='word_1_113' title='bbox 1339 2167 1393 2232; x_wconf 89' lang='lat' dir='ltr'><strong>in·</strong></span> 
     </span>
     <span class='ocr_line' id='line_1_16' title="bbox 226 2276 1391 2360; baseline 0.004 -21"><span class='ocrx_word' id='word_1_114' title='bbox 226 2283 422 2341; x_wconf 85' lang='lat' dir='ltr'><strong>strumenta:</strong></span> <span class='ocrx_word' id='word_1_115' title='bbox 444 2278 528 2341; x_wconf 84' lang='lat' dir='ltr'><strong>Acta</strong></span> <span class='ocrx_word' id='word_1_116' title='bbox 543 2277 578 2340; x_wconf 91' lang='lat' dir='ltr'><strong>in</strong></span> <span class='ocrx_word' id='word_1_117' title='bbox 592 2277 661 2342; x_wconf 91' lang='lat' dir='ltr'><strong>loco</strong></span> <span class='ocrx_word' id='word_1_118' title='bbox 677 2276 847 2360; x_wconf 86' lang='lat' dir='ltr'><strong>capitulari</strong></span> <span class='ocrx_word' id='word_1_119' title='bbox 868 2276 946 2340; x_wconf 92' lang='lat' dir='ltr'><strong>hora</strong></span> <span class='ocrx_word' id='word_1_120' title='bbox 960 2296 1087 2340; x_wconf 88' lang='lat' dir='ltr'><strong>nouena</strong></span> <span class='ocrx_word' id='word_1_121' title='bbox 1108 2283 1184 2340; x_wconf 85' lang='lat' dir='ltr'><strong>ante</strong></span> <span class='ocrx_word' id='word_1_122' title='bbox 1206 2278 1391 2358; x_wconf 87' lang='lat' dir='ltr'><strong>meridiem,</strong></span> 
     </span>
     <span class='ocr_line' id='line_1_17' title="bbox 225 2386 1391 2472; baseline 0.005 -24"><span class='ocrx_word' id='word_1_123' title='bbox 225 2387 277 2449; x_wconf 91' lang='lat' dir='ltr'><strong>vel</strong></span> <span class='ocrx_word' id='word_1_124' title='bbox 304 2388 440 2466; x_wconf 88' lang='lat' dir='ltr'><strong>caoirca;</strong></span> <span class='ocrx_word' id='word_1_125' title='bbox 463 2388 609 2465; x_wconf 89' lang='lat' dir='ltr'><strong>testibus,</strong></span> <span class='ocrx_word' id='word_1_126' title='bbox 632 2388 796 2472; x_wconf 85' lang='lat' dir='ltr'><strong>Magistris</strong></span> <span class='ocrx_word' id='word_1_127' title='bbox 818 2387 968 2453; x_wconf 84' lang='lat' dir='ltr'><strong>Johanne</strong></span> <span class='ocrx_word' id='word_1_128' title='bbox 991 2386 1141 2471; x_wconf 85' lang='lat' dir='ltr'><strong>Sprewle‚</strong></span> <span class='ocrx_word' id='word_1_129' title='bbox 1155 2387 1267 2452; x_wconf 89' lang='lat' dir='ltr'><strong>Dauid</strong></span> <span class='ocrx_word' id='word_1_130' title='bbox 1290 2389 1391 2469; x_wconf 86' lang='lat' dir='ltr'><strong>Dwn,</strong></span> 
     </span>
     <span class='ocr_line' id='line_1_18' title="bbox 227 2496 1169 2582; baseline 0.005 -25"><span class='ocrx_word' id='word_1_131' title='bbox 227 2496 454 2574; x_wconf 86' lang='lat' dir='ltr'><strong>PetroBrouu,</strong></span> <span class='ocrx_word' id='word_1_132' title='bbox 470 2505 503 2562; x_wconf 91' lang='lat' dir='ltr'><strong>et</strong></span> <span class='ocrx_word' id='word_1_133' title='bbox 517 2498 647 2563; x_wconf 92' lang='lat' dir='ltr'><strong>domino</strong></span> <span class='ocrx_word' id='word_1_134' title='bbox 662 2499 784 2564; x_wconf 85' lang='lat' dir='ltr'><strong>Thema</strong></span> <span class='ocrx_word' id='word_1_135' title='bbox 799 2499 963 2577; x_wconf 85' lang='lat' dir='ltr'><strong>Sibbauld,</strong></span> <span class='ocrx_word' id='word_1_136' title='bbox 977 2499 1169 2582; x_wconf 80' lang='lat' dir='ltr'><strong>presbiteris.</strong></span> 
     </span>
    </p>
   </div>
   <div class='ocr_carea' id='block_1_4' title="bbox 581 2771 1030 2836">
    <p class='ocr_par' dir='ltr' id='par_1_4' title="bbox 581 2771 1030 2836">
     <span class='ocr_line' id='line_1_19' title="bbox 581 2771 1030 2836; baseline 0.009 -4"><span class='ocrx_word' id='word_1_137' title='bbox 581 2771 653 2834; x_wconf 76' lang='lat'>461.</span> <span class='ocrx_word' id='word_1_138' title='bbox 677 2771 893 2835; x_wconf 58' lang='lat' dir='ltr'><strong>macerones</strong></span> <span class='ocrx_word' id='word_1_139' title='bbox 916 2773 1030 2836; x_wconf 81' lang='lat' dir='ltr'><strong>Wnra.</strong></span> 
     </span>
    </p>
   </div>
   <div class='ocr_carea' id='block_1_5' title="bbox 227 2941 1389 3251">
    <p class='ocr_par' dir='ltr' id='par_1_5' title="bbox 227 2941 1389 3251">
     <span class='ocr_line' id='line_1_20' title="bbox 270 2941 1389 3029; baseline 0.003 -22"><span class='ocrx_word' id='word_1_140' title='bbox 270 2942 333 3007; x_wconf 91' lang='lat' dir='ltr'><strong>Die</strong></span> <span class='ocrx_word' id='word_1_141' title='bbox 360 2941 484 3019; x_wconf 77' lang='lat' dir='ltr'><strong>llartis,</strong></span> <span class='ocrx_word' id='word_1_142' title='bbox 500 2941 600 3027; x_wconf 86' lang='lat' dir='ltr'><strong>xxviij</strong></span> <span class='ocrx_word' id='word_1_143' title='bbox 625 2943 745 3007; x_wconf 89' lang='lat' dir='ltr'><strong>mensis</strong></span> <span class='ocrx_word' id='word_1_144' title='bbox 769 2944 860 3022; x_wconf 89' lang='lat' dir='ltr'><strong>Maii,</strong></span> <span class='ocrx_word' id='word_1_145' title='bbox 875 2964 967 3022; x_wconf 88' lang='lat' dir='ltr'><strong>anno,</strong></span> <span class='ocrx_word' id='word_1_146' title='bbox 982 2945 1166 3022; x_wconf 87' lang='lat' dir='ltr'><strong>indictione,</strong></span> <span class='ocrx_word' id='word_1_147' title='bbox 1185 2944 1389 3029; x_wconf 86' lang='lat' dir='ltr'><strong>pontificatu,</strong></span> 
     </span>
     <span class='ocr_line' id='line_1_21' title="bbox 227 3055 1387 3140; baseline 0.001 -20"><span class='ocrx_word' id='word_1_148' title='bbox 227 3063 260 3120; x_wconf 91' lang='lat' dir='ltr'><strong>et</strong></span> <span class='ocrx_word' id='word_1_149' title='bbox 283 3056 380 3140; x_wconf 81' lang='lat' dir='ltr'><strong>regni,</strong></span> <span class='ocrx_word' id='word_1_150' title='bbox 396 3056 513 3139; x_wconf 91' lang='lat' dir='ltr'><strong>quibus</strong></span> <span class='ocrx_word' id='word_1_151' title='bbox 537 3055 720 3120; x_wconf 87' lang='lat' dir='ltr'><strong>immediate</strong></span> <span class='ocrx_word' id='word_1_152' title='bbox 745 3076 848 3139; x_wconf 87' lang='lat' dir='ltr'><strong>supra,</strong></span> <span class='ocrx_word' id='word_1_153' title='bbox 869 3056 905 3119; x_wconf 92' lang='lat' dir='ltr'><strong>in</strong></span> <span class='ocrx_word' id='word_1_154' title='bbox 927 3056 1062 3121; x_wconf 89' lang='lat' dir='ltr'><strong>ecclesia</strong></span> <span class='ocrx_word' id='word_1_155' title='bbox 1085 3056 1285 3140; x_wconf 83' lang='lat' dir='ltr'><strong>Glasguensi,</strong></span> <span class='ocrx_word' id='word_1_156' title='bbox 1306 3056 1387 3121; x_wconf 86' lang='lat' dir='ltr'><strong>hora</strong></span> 
     </span>
     <span class='ocr_line' id='line_1_22' title="bbox 229 3167 1385 3251; baseline 0.003 -22"><span class='ocrx_word' id='word_1_157' title='bbox 229 3170 259 3251; x_wconf 83' lang='lat' dir='ltr'><strong>xj</strong></span> <span class='ocrx_word' id='word_1_158' title='bbox 277 3176 350 3232; x_wconf 86' lang='lat' dir='ltr'><strong>ante</strong></span> <span class='ocrx_word' id='word_1_159' title='bbox 367 3168 540 3246; x_wconf 90' lang='lat' dir='ltr'><strong>meridiem,</strong></span> <span class='ocrx_word' id='word_1_160' title='bbox 556 3167 609 3232; x_wconf 92' lang='lat' dir='ltr'><strong>vel</strong></span> <span class='ocrx_word' id='word_1_161' title='bbox 624 3168 754 3244; x_wconf 85' lang='lat' dir='ltr'><strong>eacirca,</strong></span> <span class='ocrx_word' id='word_1_162' title='bbox 769 3168 906 3232; x_wconf 86' lang='lat' dir='ltr'><strong>testibus</strong></span> <span class='ocrx_word' id='word_1_163' title='bbox 926 3167 1055 3230; x_wconf 90' lang='lat' dir='ltr'><strong>domino</strong></span> <span class='ocrx_word' id='word_1_164' title='bbox 1070 3167 1243 3231; x_wconf 88' lang='lat' dir='ltr'><strong>Laurentio</strong></span> <span class='ocrx_word' id='word_1_165' title='bbox 1257 3167 1385 3233; x_wconf 85' lang='lat' dir='ltr'><strong>Dikke·</strong></span> 
     </span>
    </p>
   </div>
   <div class='ocr_carea' id='block_1_6' title="bbox 227 3278 1388 4252">
    <p class='ocr_par' dir='ltr' id='par_1_6' title="bbox 227 3278 1388 4252">
     <span class='ocr_line' id='line_1_23' title="bbox 228 3278 1386 3362; baseline 0.002 -20"><span class='ocrx_word' id='word_1_166' title='bbox 228 3300 318 3356; x_wconf 87' lang='lat' dir='ltr'><strong>soun,</strong></span> <span class='ocrx_word' id='word_1_167' title='bbox 329 3280 447 3343; x_wconf 88' lang='lat' dir='ltr'><strong>vicario</strong></span> <span class='ocrx_word' id='word_1_168' title='bbox 464 3279 550 3344; x_wconf 90' lang='lat' dir='ltr'><strong>chori</strong></span> <span class='ocrx_word' id='word_1_169' title='bbox 566 3279 783 3362; x_wconf 86' lang='lat' dir='ltr'><strong>Glasguensis,</strong></span> <span class='ocrx_word' id='word_1_170' title='bbox 793 3279 929 3362; x_wconf 83' lang='lat' dir='ltr'><strong>Georgio</strong></span> <span class='ocrx_word' id='word_1_171' title='bbox 945 3279 1055 3356; x_wconf 84' lang='lat' dir='ltr'><strong>Zettia,</strong></span> <span class='ocrx_word' id='word_1_172' title='bbox 1067 3285 1100 3343; x_wconf 94' lang='lat' dir='ltr'><strong>et</strong></span> <span class='ocrx_word' id='word_1_173' title='bbox 1114 3278 1236 3342; x_wconf 84' lang='lat' dir='ltr'><strong>Thoma</strong></span> <span class='ocrx_word' id='word_1_174' title='bbox 1250 3279 1386 3359; x_wconf 84' lang='lat' dir='ltr'><strong>Murref,</strong></span> 
     </span>
     <span class='ocr_line' id='line_1_24' title="bbox 227 3390 1386 3474; baseline 0.004 -23"><span class='ocrx_word' id='word_1_175' title='bbox 227 3390 334 3455; x_wconf 86' lang='lat' dir='ltr'><strong>laicis:</strong></span> <span class='ocrx_word' id='word_1_176' title='bbox 364 3392 524 3454; x_wconf 88' lang='lat' dir='ltr'><strong>Dominus</strong></span> <span class='ocrx_word' id='word_1_177' title='bbox 553 3391 719 3455; x_wconf 77' lang='lat' dir='ltr'><strong>lohannes</strong></span> <span class='ocrx_word' id='word_1_178' title='bbox 749 3390 847 3468; x_wconf 90' lang='lat' dir='ltr'><strong>Weir,</strong></span> <span class='ocrx_word' id='word_1_179' title='bbox 871 3411 955 3454; x_wconf 86' lang='lat' dir='ltr'><strong>vnus</strong></span> <span class='ocrx_word' id='word_1_180' title='bbox 984 3397 1192 3454; x_wconf 82' lang='lat' dir='ltr'><strong>executurum</strong></span> <span class='ocrx_word' id='word_1_181' title='bbox 1221 3391 1386 3474; x_wconf 86' lang='lat' dir='ltr'><strong>quondam</strong></span> 
     </span>
     <span class='ocr_line' id='line_1_25' title="bbox 229 3501 1385 3585; baseline 0.004 -23"><span class='ocrx_word' id='word_1_182' title='bbox 229 3502 378 3583; x_wconf 80' lang='lat' dir='ltr'><strong>Magistri</strong></span> <span class='ocrx_word' id='word_1_183' title='bbox 401 3503 550 3578; x_wconf 81' lang='lat' dir='ltr'><strong>Quintini</strong></span> <span class='ocrx_word' id='word_1_184' title='bbox 565 3502 663 3578; x_wconf 88' lang='lat' dir='ltr'><strong>Weir,</strong></span> <span class='ocrx_word' id='word_1_185' title='bbox 678 3501 841 3585; x_wconf 88' lang='lat' dir='ltr'><strong>quondam</strong></span> <span class='ocrx_word' id='word_1_186' title='bbox 862 3502 992 3567; x_wconf 88' lang='lat' dir='ltr'><strong>rectoris</strong></span> <span class='ocrx_word' id='word_1_187' title='bbox 1014 3501 1054 3566; x_wconf 92' lang='lat' dir='ltr'><strong>de</strong></span> <span class='ocrx_word' id='word_1_188' title='bbox 1070 3502 1254 3578; x_wconf 91' lang='lat' dir='ltr'><strong>Libertoun‚</strong></span> <span class='ocrx_word' id='word_1_189' title='bbox 1268 3522 1327 3585; x_wconf 89' lang='lat' dir='ltr'><strong>pro</strong></span> <span class='ocrx_word' id='word_1_190' title='bbox 1349 3522 1385 3567; x_wconf 85' lang='lat' dir='ltr'><strong>sc</strong></span> 
     </span>
     <span class='ocr_line' id='line_1_26' title="bbox 227 3592 1387 3697; baseline 0.003 -23"><span class='ocrx_word' id='word_1_191' title='bbox 227 3618 261 3675; x_wconf 90' lang='lat' dir='ltr'><strong>et</strong></span> <span class='ocrx_word' id='word_1_192' title='bbox 290 3592 363 3674; x_wconf 82' lang='lat' dir='ltr'><strong>aliis</strong></span> <span class='ocrx_word' id='word_1_193' title='bbox 391 3613 459 3675; x_wconf 89' lang='lat' dir='ltr'><strong>suis</strong></span> <span class='ocrx_word' id='word_1_194' title='bbox 489 3614 757 3689; x_wconf 86' lang='lat' dir='ltr'><strong>coexccutoribus,</strong></span> <span class='ocrx_word' id='word_1_195' title='bbox 780 3614 910 3678; x_wconf 88' lang='lat' dir='ltr'><strong>nomine</strong></span> <span class='ocrx_word' id='word_1_196' title='bbox 939 3613 1019 3678; x_wconf 88' lang='lat' dir='ltr'><strong>dicti</strong></span> <span class='ocrx_word' id='word_1_197' title='bbox 1048 3614 1202 3691; x_wconf 86' lang='lat' dir='ltr'><strong>defuncti,</strong></span> <span class='ocrx_word' id='word_1_198' title='bbox 1225 3612 1323 3697; x_wconf 81' lang='lat' dir='ltr'><strong>elegit</strong></span> <span class='ocrx_word' id='word_1_199' title='bbox 1352 3620 1387 3678; x_wconf 89' lang='lat' dir='ltr'><strong>et</strong></span> 
     </span>
     <span class='ocr_line' id='line_1_27' title="bbox 228 3721 1388 3803; baseline 0.005 -20"><span class='ocrx_word' id='word_1_200' title='bbox 228 3721 354 3803; x_wconf 84' lang='lat' dir='ltr'><strong>optauit</strong></span> <span class='ocrx_word' id='word_1_201' title='bbox 368 3722 490 3786; x_wconf 87' lang='lat' dir='ltr'><strong>fructus</strong></span> <span class='ocrx_word' id='word_1_202' title='bbox 506 3731 732 3801; x_wconf 82' lang='lat' dir='ltr'><strong>excrescentes,</strong></span> <span class='ocrx_word' id='word_1_203' title='bbox 747 3724 817 3788; x_wconf 90' lang='lat' dir='ltr'><strong>siue</strong></span> <span class='ocrx_word' id='word_1_204' title='bbox 831 3724 996 3788; x_wconf 87' lang='lat' dir='ltr'><strong>residuum</strong></span> <span class='ocrx_word' id='word_1_205' title='bbox 1012 3732 1130 3789; x_wconf 88' lang='lat' dir='ltr'><strong>annatc</strong></span> <span class='ocrx_word' id='word_1_206' title='bbox 1145 3724 1230 3789; x_wconf 87' lang='lat' dir='ltr'><strong>dicte</strong></span> <span class='ocrx_word' id='word_1_207' title='bbox 1252 3725 1388 3789; x_wconf 84' lang='lat' dir='ltr'><strong>rectorie</strong></span> 
     </span>
     <span class='ocr_line' id='line_1_28' title="bbox 228 3831 1387 3907; baseline 0.003 -12"><span class='ocrx_word' id='word_1_208' title='bbox 228 3831 268 3895; x_wconf 93' lang='lat' dir='ltr'><strong>de</strong></span> <span class='ocrx_word' id='word_1_209' title='bbox 285 3832 466 3907; x_wconf 89' lang='lat' dir='ltr'><strong>Libertoun‚</strong></span> <span class='ocrx_word' id='word_1_210' title='bbox 482 3832 674 3898; x_wconf 90' lang='lat' dir='ltr'><strong>dimittendo</strong></span> <span class='ocrx_word' id='word_1_211' title='bbox 689 3841 798 3898; x_wconf 87' lang='lat' dir='ltr'><strong>taxam</strong></span> <span class='ocrx_word' id='word_1_212' title='bbox 813 3835 882 3899; x_wconf 85' lang='lat' dir='ltr'><strong>siue</strong></span> <span class='ocrx_word' id='word_1_213' title='bbox 901 3835 1023 3901; x_wconf 87' lang='lat' dir='ltr'><strong>decime</strong></span> <span class='ocrx_word' id='word_1_214' title='bbox 1038 3836 1235 3899; x_wconf 85' lang='lat' dir='ltr'><strong>taxationem</strong></span> <span class='ocrx_word' id='word_1_215' title='bbox 1249 3834 1387 3899; x_wconf 84' lang='lat' dir='ltr'><strong>intranti</strong></span> 
     </span>
     <span class='ocr_line' id='line_1_29' title="bbox 229 3943 1386 4021; baseline 0.005 -15"><span class='ocrx_word' id='word_1_216' title='bbox 229 3943 269 4006; x_wconf 91' lang='lat' dir='ltr'><strong>ad</strong></span> <span class='ocrx_word' id='word_1_217' title='bbox 295 3943 414 4006; x_wconf 88' lang='lat' dir='ltr'><strong>dictam</strong></span> <span class='ocrx_word' id='word_1_218' title='bbox 440 3945 615 4021; x_wconf 89' lang='lat' dir='ltr'><strong>rectoriam,</strong></span> <span class='ocrx_word' id='word_1_219' title='bbox 634 3965 671 4009; x_wconf 89' lang='lat' dir='ltr'><strong>ac</strong></span> <span class='ocrx_word' id='word_1_220' title='bbox 693 3946 808 4010; x_wconf 89' lang='lat' dir='ltr'><strong>rectori</strong></span> <span class='ocrx_word' id='word_1_221' title='bbox 830 3946 938 4010; x_wconf 83' lang='lat' dir='ltr'><strong>futuro</strong></span> <span class='ocrx_word' id='word_1_222' title='bbox 961 3947 997 4010; x_wconf 88' lang='lat' dir='ltr'><strong>in</strong></span> <span class='ocrx_word' id='word_1_223' title='bbox 1020 3947 1149 4012; x_wconf 86' lang='lat' dir='ltr'><strong>eadem:</strong></span> <span class='ocrx_word' id='word_1_224' title='bbox 1171 3947 1276 4011; x_wconf 90' lang='lat' dir='ltr'><strong>Peciit</strong></span> <span class='ocrx_word' id='word_1_225' title='bbox 1298 3946 1386 4012; x_wconf 90' lang='lat' dir='ltr'><strong>idem</strong></span> 
     </span>
     <span class='ocr_line' id='line_1_30' title="bbox 228 4054 1387 4139; baseline 0.004 -21"><span class='ocrx_word' id='word_1_226' title='bbox 228 4054 378 4118; x_wconf 91' lang='lat' dir='ltr'><strong>dominus</strong></span> <span class='ocrx_word' id='word_1_227' title='bbox 400 4054 566 4118; x_wconf 74' lang='lat' dir='ltr'><strong>lohannes</strong></span> <span class='ocrx_word' id='word_1_228' title='bbox 581 4055 680 4133; x_wconf 85' lang='lat' dir='ltr'><strong>Weir,</strong></span> <span class='ocrx_word' id='word_1_229' title='bbox 695 4077 752 4139; x_wconf 90' lang='lat' dir='ltr'><strong>pro</strong></span> <span class='ocrx_word' id='word_1_230' title='bbox 774 4077 808 4121; x_wconf 91' lang='lat' dir='ltr'><strong>se</strong></span> <span class='ocrx_word' id='word_1_231' title='bbox 832 4065 866 4122; x_wconf 91' lang='lat' dir='ltr'><strong>et</strong></span> <span class='ocrx_word' id='word_1_232' title='bbox 889 4057 961 4123; x_wconf 88' lang='lat' dir='ltr'><strong>aliis</strong></span> <span class='ocrx_word' id='word_1_233' title='bbox 984 4079 1094 4124; x_wconf 90' lang='lat' dir='ltr'><strong>secum</strong></span> <span class='ocrx_word' id='word_1_234' title='bbox 1115 4058 1387 4138; x_wconf 85' lang='lat' dir='ltr'><strong>coexecutoribus,</strong></span> 
     </span>
     <span class='ocr_line' id='line_1_31' title="bbox 230 4166 852 4252; baseline 0.003 -21"><span class='ocrx_word' id='word_1_235' title='bbox 230 4167 459 4232; x_wconf 85' lang='lat' dir='ltr'><strong>instrumenta:</strong></span> <span class='ocrx_word' id='word_1_236' title='bbox 482 4166 565 4231; x_wconf 85' lang='lat' dir='ltr'><strong>Actu</strong></span> <span class='ocrx_word' id='word_1_237' title='bbox 580 4173 617 4232; x_wconf 90' lang='lat' dir='ltr'><strong>vt</strong></span> <span class='ocrx_word' id='word_1_238' title='bbox 631 4172 664 4232; x_wconf 88' lang='lat' dir='ltr'><strong>et</strong></span> <span class='ocrx_word' id='word_1_239' title='bbox 678 4167 734 4231; x_wconf 86' lang='lat' dir='ltr'><strong>vbi</strong></span> <span class='ocrx_word' id='word_1_240' title='bbox 749 4188 852 4252; x_wconf 83' lang='lat' dir='ltr'><strong>supra</strong></span> 
     </span>
    </p>
   </div>
   <div class='ocr_carea' id='block_1_7' title="bbox 0 0 1507 4936">
    <p class='ocr_par' dir='ltr' id='par_1_7' title="bbox 0 0 1507 4936">
     <span class='ocr_line' id='line_1_32' title="bbox 0 0 1507 4936; baseline 0 0"><span class='ocrx_word' id='word_1_241' title='bbox 0 0 1507 4936; x_wconf 95' lang='lat' dir='ltr'><strong> </strong></span> 
     </span>
    </p>
   </div>
  </div>
 </body>
</html>
