<?xml version="1.0" encoding="UTF-8"?>
<!DOCTYPE html PUBLIC "-//W3C//DTD XHTML 1.0 Transitional//EN"
    "http://www.w3.org/TR/xhtml1/DTD/xhtml1-transitional.dtd">
<html xmlns="http://www.w3.org/1999/xhtml" xml:lang="en" lang="en">
 <head>
  <title>
</title>
<meta http-equiv="Content-Type" content="text/html;charset=utf-8" />
  <meta name='ocr-system' content='tesseract 3.04.00' />
  <meta name='ocr-capabilities' content='ocr_page ocr_carea ocr_par ocr_line ocrx_word'/>
</head>
<body>
  <div class='ocr_page' id='page_1' title='image "./liberprotocollo00rogegoog/liberprotocollo00rogegoog_0011.png"; bbox 0 0 2994 4936; ppageno 0'>
   <div class='ocr_carea' id='block_1_1' title="bbox 223 421 905 487">
    <p class='ocr_par' dir='ltr' id='par_1_1' title="bbox 223 421 905 487">
     <span class='ocr_line' id='line_1_1' title="bbox 223 421 905 487; baseline 0.007 -5"><span class='ocrx_word' id='word_1_1' title='bbox 223 421 242 482; x_wconf 87' lang='lat'>2</span> <span class='ocrx_word' id='word_1_2' title='bbox 699 439 905 487; x_wconf 81' lang='lat' dir='ltr'>raoroconm</span> 
     </span>
    </p>
   </div>
   <div class='ocr_carea' id='block_1_2' title="bbox 58 589 1382 3457">
    <p class='ocr_par' dir='ltr' id='par_1_2' title="bbox 58 589 1382 3457">
     <span class='ocr_line' id='line_1_2' title="bbox 58 589 1380 691; baseline 0.005 -34"><span class='ocrx_word' id='word_1_3' title='bbox 58 589 207 691; x_wconf 48' lang='lat' dir='ltr'>*DJ-⁴9⁹·</span> <span class='ocrx_word' id='word_1_4' title='bbox 222 595 438 678; x_wconf 79' lang='lat' dir='ltr'>pertinenciis,</span> <span class='ocrx_word' id='word_1_5' title='bbox 456 596 567 679; x_wconf 90' lang='lat' dir='ltr'>jacens</span> <span class='ocrx_word' id='word_1_6' title='bbox 596 596 631 659; x_wconf 91' lang='lat' dir='ltr'>in</span> <span class='ocrx_word' id='word_1_7' title='bbox 657 595 743 659; x_wconf 89' lang='lat' dir='ltr'>dicto</span> <span class='ocrx_word' id='word_1_8' title='bbox 773 597 882 680; x_wconf 86' lang='lat' dir='ltr'>burge,</span> <span class='ocrx_word' id='word_1_9' title='bbox 912 597 997 661; x_wconf 88' lang='lat' dir='ltr'>inter</span> <span class='ocrx_word' id='word_1_10' title='bbox 1017 603 1240 661; x_wconf 74' lang='lat' dir='ltr'><strong>tenementum</strong></span> <span class='ocrx_word' id='word_1_11' title='bbox 1269 599 1380 663; x_wconf 89' lang='lat' dir='ltr'>Dauid</span> 
     </span>
     <span class='ocr_line' id='line_1_3' title="bbox 222 705 1380 793; baseline 0.004 -24"><span class='ocrx_word' id='word_1_12' title='bbox 222 705 428 790; x_wconf 90' lang='lat' dir='ltr'>Tempiltoun</span> <span class='ocrx_word' id='word_1_13' title='bbox 443 707 484 770; x_wconf 89' lang='lat' dir='ltr'>ab</span> <span class='ocrx_word' id='word_1_14' title='bbox 498 727 569 783; x_wconf 87' lang='lat' dir='ltr'>vna,</span> <span class='ocrx_word' id='word_1_15' title='bbox 585 711 618 771; x_wconf 94' lang='lat' dir='ltr'>et</span> <span class='ocrx_word' id='word_1_16' title='bbox 635 712 857 772; x_wconf 75' lang='lat' dir='ltr'><strong>tenementum</strong></span> <span class='ocrx_word' id='word_1_17' title='bbox 872 707 894 771; x_wconf 88' lang='lat' dir='ltr'>J</span> <span class='ocrx_word' id='word_1_18' title='bbox 895 707 1031 772; x_wconf 89' lang='lat' dir='ltr'>ohannis</span> <span class='ocrx_word' id='word_1_19' title='bbox 1055 708 1219 793; x_wconf 86' lang='lat' dir='ltr'>Mawling,</span> <span class='ocrx_word' id='word_1_20' title='bbox 1234 710 1380 792; x_wconf 91' lang='lat' dir='ltr'>partibus</span> 
     </span>
     <span class='ocr_line' id='line_1_4' title="bbox 222 817 1380 898; baseline 0.003 -16"><span class='ocrx_word' id='word_1_21' title='bbox 222 818 263 882; x_wconf 92' lang='lat' dir='ltr'>ab</span> <span class='ocrx_word' id='word_1_22' title='bbox 279 817 395 898; x_wconf 88' lang='lat' dir='ltr'>altera;</span> <span class='ocrx_word' id='word_1_23' title='bbox 417 824 451 882; x_wconf 92' lang='lat' dir='ltr'>et</span> <span class='ocrx_word' id='word_1_24' title='bbox 471 818 601 895; x_wconf 91' lang='lat' dir='ltr'>ibidem,</span> <span class='ocrx_word' id='word_1_25' title='bbox 616 818 656 882; x_wconf 90' lang='lat' dir='ltr'>de</span> <span class='ocrx_word' id='word_1_26' title='bbox 674 818 769 883; x_wconf 91' lang='lat' dir='ltr'>dictis</span> <span class='ocrx_word' id='word_1_27' title='bbox 792 824 984 897; x_wconf 89' lang='lat' dir='ltr'>tenemento,</span> <span class='ocrx_word' id='word_1_28' title='bbox 1007 819 1113 883; x_wconf 87' lang='lat' dir='ltr'>media</span> <span class='ocrx_word' id='word_1_29' title='bbox 1135 840 1215 896; x_wconf 87' lang='lat' dir='ltr'>acra,</span> <span class='ocrx_word' id='word_1_30' title='bbox 1236 825 1270 884; x_wconf 93' lang='lat' dir='ltr'>et</span> <span class='ocrx_word' id='word_1_31' title='bbox 1292 827 1380 886; x_wconf 89' lang='lat' dir='ltr'>tene-</span> 
     </span>
     <span class='ocr_line' id='line_1_5' title="bbox 223 930 1380 1014; baseline 0.003 -22"><span class='ocrx_word' id='word_1_32' title='bbox 223 936 341 1006; x_wconf 83' lang='lat' dir='ltr'><strong>mento,</strong></span> <span class='ocrx_word' id='word_1_33' title='bbox 363 951 438 994; x_wconf 92' lang='lat' dir='ltr'>cum</span> <span class='ocrx_word' id='word_1_34' title='bbox 460 930 677 1014; x_wconf 68' lang='lat' dir='ltr'>pertinenciis,</span> <span class='ocrx_word' id='word_1_35' title='bbox 695 930 817 1012; x_wconf 86' lang='lat' dir='ltr'>prefate</span> <span class='ocrx_word' id='word_1_36' title='bbox 838 930 984 1007; x_wconf 89' lang='lat' dir='ltr'>Isabelle,</span> <span class='ocrx_word' id='word_1_37' title='bbox 1009 935 1083 1014; x_wconf 90' lang='lat' dir='ltr'>post</span> <span class='ocrx_word' id='word_1_38' title='bbox 1114 930 1380 997; x_wconf 81' lang='lat' dir='ltr'>deliberacionem</span> 
     </span>
     <span class='ocr_line' id='line_1_6' title="bbox 224 1040 1381 1127; baseline 0.002 -23"><span class='ocrx_word' id='word_1_39' title='bbox 224 1040 309 1105; x_wconf 89' lang='lat' dir='ltr'>dicte</span> <span class='ocrx_word' id='word_1_40' title='bbox 336 1040 571 1124; x_wconf 89' lang='lat' dir='ltr'>Inquisicionis,</span> <span class='ocrx_word' id='word_1_41' title='bbox 597 1047 752 1123; x_wconf 83' lang='lat' dir='ltr'><strong>tanquam</strong></span> <span class='ocrx_word' id='word_1_42' title='bbox 778 1040 842 1105; x_wconf 91' lang='lat' dir='ltr'>filie</span> <span class='ocrx_word' id='word_1_43' title='bbox 870 1048 903 1105; x_wconf 90' lang='lat' dir='ltr'>et</span> <span class='ocrx_word' id='word_1_44' title='bbox 928 1042 1071 1125; x_wconf 79' lang='lat' dir='ltr'>legitime</span> <span class='ocrx_word' id='word_1_45' title='bbox 1102 1048 1135 1106; x_wconf 89' lang='lat' dir='ltr'>et</span> <span class='ocrx_word' id='word_1_46' title='bbox 1159 1043 1381 1127; x_wconf 87' lang='lat' dir='ltr'>propinquiori</span> 
     </span>
     <span class='ocr_line' id='line_1_7' title="bbox 224 1151 1382 1237; baseline 0.003 -22"><span class='ocrx_word' id='word_1_47' title='bbox 224 1152 334 1216; x_wconf 86' lang='lat' dir='ltr'>heredi</span> <span class='ocrx_word' id='word_1_48' title='bbox 357 1152 519 1235; x_wconf 89' lang='lat' dir='ltr'>quondam</span> <span class='ocrx_word' id='word_1_49' title='bbox 541 1151 660 1216; x_wconf 87' lang='lat' dir='ltr'>Thome</span> <span class='ocrx_word' id='word_1_50' title='bbox 683 1152 809 1234; x_wconf 90' lang='lat' dir='ltr'>Pullay,</span> <span class='ocrx_word' id='word_1_51' title='bbox 831 1153 997 1236; x_wconf 87' lang='lat' dir='ltr'>burgensis</span> <span class='ocrx_word' id='word_1_52' title='bbox 1020 1152 1099 1216; x_wconf 90' lang='lat' dir='ltr'>dicti</span> <span class='ocrx_word' id='word_1_53' title='bbox 1125 1153 1225 1237; x_wconf 86' lang='lat' dir='ltr'>burgi,</span> <span class='ocrx_word' id='word_1_54' title='bbox 1247 1155 1382 1219; x_wconf 84' lang='lat' dir='ltr'>tradidit</span> 
     </span>
     <span class='ocr_line' id='line_1_8' title="bbox 224 1263 1381 1348; baseline 0.002 -21"><span class='ocrx_word' id='word_1_55' title='bbox 224 1264 376 1327; x_wconf 90' lang='lat' dir='ltr'>saisinam</span> <span class='ocrx_word' id='word_1_56' title='bbox 387 1271 420 1326; x_wconf 94' lang='lat' dir='ltr'>et</span> <span class='ocrx_word' id='word_1_57' title='bbox 435 1269 557 1327; x_wconf 90' lang='lat' dir='ltr'>statum</span> <span class='ocrx_word' id='word_1_58' title='bbox 571 1263 807 1339; x_wconf 86' lang='lat' dir='ltr'>hereditarium,</span> <span class='ocrx_word' id='word_1_59' title='bbox 819 1285 877 1347; x_wconf 90' lang='lat' dir='ltr'>per</span> <span class='ocrx_word' id='word_1_60' title='bbox 890 1271 973 1328; x_wconf 88' lang='lat' dir='ltr'>terre</span> <span class='ocrx_word' id='word_1_61' title='bbox 988 1270 1021 1328; x_wconf 93' lang='lat' dir='ltr'>et</span> <span class='ocrx_word' id='word_1_62' title='bbox 1031 1263 1148 1348; x_wconf 87' lang='lat' dir='ltr'>lapidis</span> <span class='ocrx_word' id='word_1_63' title='bbox 1163 1265 1381 1343; x_wconf 82' lang='lat' dir='ltr'>tradicionem,</span> 
     </span>
     <span class='ocr_line' id='line_1_9' title="bbox 223 1374 1381 1459; baseline 0.003 -21"><span class='ocrx_word' id='word_1_64' title='bbox 223 1379 260 1438; x_wconf 88' lang='lat' dir='ltr'>vt</span> <span class='ocrx_word' id='word_1_65' title='bbox 271 1375 368 1438; x_wconf 91' lang='lat' dir='ltr'>moris</span> <span class='ocrx_word' id='word_1_66' title='bbox 380 1381 436 1451; x_wconf 89' lang='lat' dir='ltr'>est,</span> <span class='ocrx_word' id='word_1_67' title='bbox 448 1375 537 1439; x_wconf 89' lang='lat' dir='ltr'>saluo</span> <span class='ocrx_word' id='word_1_68' title='bbox 548 1375 621 1457; x_wconf 91' lang='lat' dir='ltr'>jure</span> <span class='ocrx_word' id='word_1_69' title='bbox 633 1375 817 1439; x_wconf 90' lang='lat' dir='ltr'>cuiuslibet:</span> <span class='ocrx_word' id='word_1_70' title='bbox 835 1375 961 1452; x_wconf 79' lang='lat' dir='ltr'>Quibus</span> <span class='ocrx_word' id='word_1_71' title='bbox 972 1374 1105 1459; x_wconf 90' lang='lat' dir='ltr'>quidem</span> <span class='ocrx_word' id='word_1_72' title='bbox 1115 1376 1243 1441; x_wconf 91' lang='lat' dir='ltr'>saisinis</span> <span class='ocrx_word' id='word_1_73' title='bbox 1254 1378 1381 1442; x_wconf 87' lang='lat' dir='ltr'>traditis</span> 
     </span>
     <span class='ocr_line' id='line_1_10' title="bbox 224 1485 1381 1572; baseline 0.002 -21"><span class='ocrx_word' id='word_1_74' title='bbox 224 1491 261 1551; x_wconf 75' lang='lat' dir='ltr'>et·</span> <span class='ocrx_word' id='word_1_75' title='bbox 268 1487 412 1570; x_wconf 82' lang='lat' dir='ltr'>receptis,</span> <span class='ocrx_word' id='word_1_76' title='bbox 424 1486 511 1550; x_wconf 89' lang='lat' dir='ltr'>dicta</span> <span class='ocrx_word' id='word_1_77' title='bbox 522 1485 661 1550; x_wconf 89' lang='lat' dir='ltr'>Isabella</span> <span class='ocrx_word' id='word_1_78' title='bbox 675 1506 740 1548; x_wconf 92' lang='lat' dir='ltr'>non</span> <span class='ocrx_word' id='word_1_79' title='bbox 751 1486 785 1549; x_wconf 91' lang='lat' dir='ltr'>vi</span> <span class='ocrx_word' id='word_1_80' title='bbox 800 1492 856 1549; x_wconf 92' lang='lat' dir='ltr'>aut</span> <span class='ocrx_word' id='word_1_81' title='bbox 871 1492 961 1551; x_wconf 90' lang='lat' dir='ltr'>metu</span> <span class='ocrx_word' id='word_1_82' title='bbox 976 1487 1081 1563; x_wconf 85' lang='lat' dir='ltr'>ducta,</span> <span class='ocrx_word' id='word_1_83' title='bbox 1093 1507 1152 1551; x_wconf 90' lang='lat' dir='ltr'>nec</span> <span class='ocrx_word' id='word_1_84' title='bbox 1164 1507 1266 1552; x_wconf 86' lang='lat' dir='ltr'>errore</span> <span class='ocrx_word' id='word_1_85' title='bbox 1281 1488 1381 1572; x_wconf 87' lang='lat' dir='ltr'>lapse,</span> 
     </span>
     <span class='ocr_line' id='line_1_11' title="bbox 224 1596 1382 1684; baseline 0.002 -22"><span class='ocrx_word' id='word_1_86' title='bbox 224 1597 280 1662; x_wconf 89' lang='lat' dir='ltr'>sed</span> <span class='ocrx_word' id='word_1_87' title='bbox 296 1618 354 1661; x_wconf 88' lang='lat' dir='ltr'>sua</span> <span class='ocrx_word' id='word_1_88' title='bbox 368 1618 455 1662; x_wconf 91' lang='lat' dir='ltr'>mera</span> <span class='ocrx_word' id='word_1_89' title='bbox 470 1604 503 1661; x_wconf 93' lang='lat' dir='ltr'>et</span> <span class='ocrx_word' id='word_1_90' title='bbox 517 1602 692 1682; x_wconf 88' lang='lat' dir='ltr'>spontanea</span> <span class='ocrx_word' id='word_1_91' title='bbox 706 1596 882 1674; x_wconf 87' lang='lat' dir='ltr'>voluntate,</span> <span class='ocrx_word' id='word_1_92' title='bbox 897 1598 1004 1661; x_wconf 90' lang='lat' dir='ltr'>omnia</span> <span class='ocrx_word' id='word_1_93' title='bbox 1019 1604 1050 1661; x_wconf 90' lang='lat' dir='ltr'>et</span> <span class='ocrx_word' id='word_1_94' title='bbox 1065 1597 1192 1682; x_wconf 87' lang='lat' dir='ltr'>singula</span> <span class='ocrx_word' id='word_1_95' title='bbox 1206 1600 1382 1684; x_wconf 83' lang='lat' dir='ltr'>prescripta</span> 
     </span>
     <span class='ocr_line' id='line_1_12' title="bbox 223 1709 1380 1792; baseline 0.001 -19"><span class='ocrx_word' id='word_1_96' title='bbox 223 1715 416 1785; x_wconf 91' lang='lat' dir='ltr'>tenementa‚</span> <span class='ocrx_word' id='word_1_97' title='bbox 431 1713 464 1772; x_wconf 94' lang='lat' dir='ltr'>et</span> <span class='ocrx_word' id='word_1_98' title='bbox 478 1709 618 1772; x_wconf 89' lang='lat' dir='ltr'>mediam</span> <span class='ocrx_word' id='word_1_99' title='bbox 632 1729 737 1773; x_wconf 91' lang='lat' dir='ltr'>acram</span> <span class='ocrx_word' id='word_1_100' title='bbox 753 1714 844 1785; x_wconf 87' lang='lat' dir='ltr'>terre,</span> <span class='ocrx_word' id='word_1_101' title='bbox 860 1729 933 1772; x_wconf 93' lang='lat' dir='ltr'>cum</span> <span class='ocrx_word' id='word_1_102' title='bbox 949 1709 1166 1792; x_wconf 88' lang='lat' dir='ltr'>pertinenciis,</span> <span class='ocrx_word' id='word_1_103' title='bbox 1181 1711 1216 1773; x_wconf 93' lang='lat' dir='ltr'>in</span> <span class='ocrx_word' id='word_1_104' title='bbox 1231 1711 1380 1775; x_wconf 83' lang='lat' dir='ltr'>menibus</span> 
     </span>
     <span class='ocr_line' id='line_1_13' title="bbox 224 1819 1382 1905; baseline 0.003 -21"><span class='ocrx_word' id='word_1_105' title='bbox 224 1820 304 1884; x_wconf 89' lang='lat' dir='ltr'>dicti</span> <span class='ocrx_word' id='word_1_106' title='bbox 318 1819 440 1897; x_wconf 84' lang='lat' dir='ltr'>bellini,</span> <span class='ocrx_word' id='word_1_107' title='bbox 449 1841 529 1904; x_wconf 91' lang='lat' dir='ltr'>pure</span> <span class='ocrx_word' id='word_1_108' title='bbox 540 1827 573 1886; x_wconf 90' lang='lat' dir='ltr'>et</span> <span class='ocrx_word' id='word_1_109' title='bbox 584 1820 772 1905; x_wconf 90' lang='lat' dir='ltr'>simpliciter</span> <span class='ocrx_word' id='word_1_110' title='bbox 783 1819 971 1904; x_wconf 87' lang='lat' dir='ltr'>resignauit:</span> <span class='ocrx_word' id='word_1_111' title='bbox 986 1841 1051 1904; x_wconf 89' lang='lat' dir='ltr'>qua</span> <span class='ocrx_word' id='word_1_112' title='bbox 1064 1821 1282 1905; x_wconf 88' lang='lat' dir='ltr'>resignacione</span> <span class='ocrx_word' id='word_1_113' title='bbox 1296 1822 1382 1887; x_wconf 89' lang='lat' dir='ltr'>facta</span> 
     </span>
     <span class='ocr_line' id='line_1_14' title="bbox 225 1932 1382 2018; baseline 0.002 -22"><span class='ocrx_word' id='word_1_114' title='bbox 225 1938 258 1996; x_wconf 89' lang='lat' dir='ltr'>et</span> <span class='ocrx_word' id='word_1_115' title='bbox 279 1939 415 2018; x_wconf 89' lang='lat' dir='ltr'>recepta,</span> <span class='ocrx_word' id='word_1_116' title='bbox 438 1932 544 1998; x_wconf 90' lang='lat' dir='ltr'>dictus</span> <span class='ocrx_word' id='word_1_117' title='bbox 566 1932 714 2010; x_wconf 91' lang='lat' dir='ltr'>balliuus,</span> <span class='ocrx_word' id='word_1_118' title='bbox 737 1933 777 1997; x_wconf 90' lang='lat' dir='ltr'>de</span> <span class='ocrx_word' id='word_1_119' title='bbox 802 1933 934 2016; x_wconf 91' lang='lat' dir='ltr'>speciali</span> <span class='ocrx_word' id='word_1_120' title='bbox 955 1933 1106 1997; x_wconf 86' lang='lat' dir='ltr'>mandato</span> <span class='ocrx_word' id='word_1_121' title='bbox 1133 1932 1218 1998; x_wconf 87' lang='lat' dir='ltr'>dicte</span> <span class='ocrx_word' id='word_1_122' title='bbox 1244 1933 1382 1998; x_wconf 83' lang='lat' dir='ltr'>Isabelle</span> 
     </span>
     <span class='ocr_line' id='line_1_15' title="bbox 224 2044 1380 2130; baseline -0.001 -23"><span class='ocrx_word' id='word_1_123' title='bbox 224 2045 425 2129; x_wconf 86' lang='lat' dir='ltr'>resignantis,</span> <span class='ocrx_word' id='word_1_124' title='bbox 447 2045 487 2109; x_wconf 92' lang='lat' dir='ltr'>de</span> <span class='ocrx_word' id='word_1_125' title='bbox 509 2045 675 2130; x_wconf 84' lang='lat' dir='ltr'>prelibatis</span> <span class='ocrx_word' id='word_1_126' title='bbox 699 2045 892 2110; x_wconf 84' lang='lat' dir='ltr'>tenementis</span> <span class='ocrx_word' id='word_1_127' title='bbox 915 2050 948 2108; x_wconf 92' lang='lat' dir='ltr'>et</span> <span class='ocrx_word' id='word_1_128' title='bbox 971 2044 1077 2108; x_wconf 90' lang='lat' dir='ltr'>media</span> <span class='ocrx_word' id='word_1_129' title='bbox 1099 2064 1171 2107; x_wconf 88' lang='lat' dir='ltr'>acra</span> <span class='ocrx_word' id='word_1_130' title='bbox 1200 2050 1283 2107; x_wconf 88' lang='lat' dir='ltr'>terre</span> <span class='ocrx_word' id='word_1_131' title='bbox 1307 2065 1380 2108; x_wconf 92' lang='lat' dir='ltr'>cum</span> 
     </span>
     <span class='ocr_line' id='line_1_16' title="bbox 225 2152 1380 2239; baseline -0.003 -19"><span class='ocrx_word' id='word_1_132' title='bbox 225 2156 440 2239; x_wconf 88' lang='lat' dir='ltr'>pertinenciis,</span> <span class='ocrx_word' id='word_1_133' title='bbox 463 2156 595 2219; x_wconf 87' lang='lat' dir='ltr'>tradidit</span> <span class='ocrx_word' id='word_1_134' title='bbox 624 2157 723 2239; x_wconf 90' lang='lat' dir='ltr'>probo</span> <span class='ocrx_word' id='word_1_135' title='bbox 752 2156 821 2218; x_wconf 83' lang='lat' dir='ltr'>viro</span> <span class='ocrx_word' id='word_1_136' title='bbox 846 2153 976 2216; x_wconf 86' lang='lat' dir='ltr'>Andrce</span> <span class='ocrx_word' id='word_1_137' title='bbox 1002 2154 1103 2226; x_wconf 92' lang='lat' dir='ltr'>Dene,</span> <span class='ocrx_word' id='word_1_138' title='bbox 1133 2153 1248 2216; x_wconf 89' lang='lat' dir='ltr'>marito</span> <span class='ocrx_word' id='word_1_139' title='bbox 1277 2152 1380 2235; x_wconf 89' lang='lat' dir='ltr'>ipsius</span> 
     </span>
     <span class='ocr_line' id='line_1_17' title="bbox 227 2260 1380 2343; baseline -0.003 -14"><span class='ocrx_word' id='word_1_140' title='bbox 227 2267 371 2341; x_wconf 90' lang='lat' dir='ltr'>Isabelle,</span> <span class='ocrx_word' id='word_1_141' title='bbox 386 2272 419 2330; x_wconf 92' lang='lat' dir='ltr'>et</span> <span class='ocrx_word' id='word_1_142' title='bbox 431 2266 534 2329; x_wconf 90' lang='lat' dir='ltr'>eidem</span> <span class='ocrx_word' id='word_1_143' title='bbox 547 2265 683 2328; x_wconf 87' lang='lat' dir='ltr'>Isabelle</span> <span class='ocrx_word' id='word_1_144' title='bbox 695 2284 751 2326; x_wconf 91' lang='lat' dir='ltr'>sue</span> <span class='ocrx_word' id='word_1_145' title='bbox 762 2263 862 2337; x_wconf 79' lang='lat' dir='ltr'>uxori,</span> <span class='ocrx_word' id='word_1_146' title='bbox 874 2280 1047 2343; x_wconf 88' lang='lat' dir='ltr'>eorumque</span> <span class='ocrx_word' id='word_1_147' title='bbox 1062 2260 1188 2325; x_wconf 89' lang='lat' dir='ltr'>diucius</span> <span class='ocrx_word' id='word_1_148' title='bbox 1199 2262 1333 2339; x_wconf 88' lang='lat' dir='ltr'>viuenti,</span> <span class='ocrx_word' id='word_1_149' title='bbox 1344 2263 1380 2326; x_wconf 93' lang='lat' dir='ltr'>in</span> 
     </span>
     <span class='ocr_line' id='line_1_18' title="bbox 225 2371 1380 2457; baseline 0 -18"><span class='ocrx_word' id='word_1_150' title='bbox 225 2377 396 2440; x_wconf 91' lang='lat' dir='ltr'>coniuncta</span> <span class='ocrx_word' id='word_1_151' title='bbox 410 2374 601 2450; x_wconf 90' lang='lat' dir='ltr'>feodacione,</span> <span class='ocrx_word' id='word_1_152' title='bbox 616 2374 767 2438; x_wconf 80' lang='lat' dir='ltr'>saisinam</span> <span class='ocrx_word' id='word_1_153' title='bbox 784 2378 817 2436; x_wconf 89' lang='lat' dir='ltr'>et</span> <span class='ocrx_word' id='word_1_154' title='bbox 839 2379 960 2436; x_wconf 88' lang='lat' dir='ltr'>statum</span> <span class='ocrx_word' id='word_1_155' title='bbox 974 2371 1211 2450; x_wconf 87' lang='lat' dir='ltr'>hereditarium,</span> <span class='ocrx_word' id='word_1_156' title='bbox 1226 2394 1283 2457; x_wconf 92' lang='lat' dir='ltr'>per</span> <span class='ocrx_word' id='word_1_157' title='bbox 1296 2380 1380 2440; x_wconf 92' lang='lat' dir='ltr'>terre</span> 
     </span>
     <span class='ocr_line' id='line_1_19' title="bbox 224 2484 1380 2570; baseline 0 -19"><span class='ocrx_word' id='word_1_158' title='bbox 224 2493 258 2551; x_wconf 94' lang='lat' dir='ltr'>et</span> <span class='ocrx_word' id='word_1_159' title='bbox 271 2485 389 2570; x_wconf 90' lang='lat' dir='ltr'>lapidis</span> <span class='ocrx_word' id='word_1_160' title='bbox 403 2485 630 2550; x_wconf 86' lang='lat' dir='ltr'>tradicionem:</span> <span class='ocrx_word' id='word_1_161' title='bbox 653 2485 756 2568; x_wconf 88' lang='lat' dir='ltr'>Super</span> <span class='ocrx_word' id='word_1_162' title='bbox 770 2484 888 2567; x_wconf 82' lang='lat' dir='ltr'>quibua</span> <span class='ocrx_word' id='word_1_163' title='bbox 904 2484 1061 2562; x_wconf 91' lang='lat' dir='ltr'>omnibus,</span> <span class='ocrx_word' id='word_1_164' title='bbox 1077 2489 1145 2561; x_wconf 79' lang='lat' dir='ltr'>etc,</span> <span class='ocrx_word' id='word_1_165' title='bbox 1161 2485 1260 2569; x_wconf 92' lang='lat' dir='ltr'>peciit</span> <span class='ocrx_word' id='word_1_166' title='bbox 1274 2486 1380 2551; x_wconf 87' lang='lat' dir='ltr'>dictus</span> 
     </span>
     <span class='ocr_line' id='line_1_20' title="bbox 224 2596 1381 2680; baseline 0 -19"><span class='ocrx_word' id='word_1_167' title='bbox 224 2598 370 2662; x_wconf 87' lang='lat' dir='ltr'>Andreas</span> <span class='ocrx_word' id='word_1_168' title='bbox 392 2597 467 2661; x_wconf 90' lang='lat' dir='ltr'>Den</span> <span class='ocrx_word' id='word_1_169' title='bbox 489 2617 589 2660; x_wconf 88' lang='lat' dir='ltr'><strong>vnum</strong></span> <span class='ocrx_word' id='word_1_170' title='bbox 612 2602 669 2660; x_wconf 92' lang='lat' dir='ltr'>aut</span> <span class='ocrx_word' id='word_1_171' title='bbox 694 2596 788 2680; x_wconf 91' lang='lat' dir='ltr'>plura</span> <span class='ocrx_word' id='word_1_172' title='bbox 813 2596 1063 2660; x_wconf 90' lang='lat' dir='ltr'>instrumentum</span> <span class='ocrx_word' id='word_1_173' title='bbox 1087 2603 1144 2660; x_wconf 90' lang='lat' dir='ltr'>aut</span> <span class='ocrx_word' id='word_1_174' title='bbox 1166 2597 1381 2662; x_wconf 89' lang='lat' dir='ltr'>instrumenta</span> 
     </span>
     <span class='ocr_line' id='line_1_21' title="bbox 224 2708 1380 2791; baseline -0.001 -17"><span class='ocrx_word' id='word_1_175' title='bbox 224 2710 331 2774; x_wconf 91' lang='lat' dir='ltr'>sibiet</span> <span class='ocrx_word' id='word_1_176' title='bbox 343 2709 500 2773; x_wconf 86' lang='lat' dir='ltr'>suevxori</span> <span class='ocrx_word' id='word_1_177' title='bbox 511 2709 592 2772; x_wconf 89' lang='lat' dir='ltr'>fieri:</span> <span class='ocrx_word' id='word_1_178' title='bbox 607 2709 691 2772; x_wconf 87' lang='lat' dir='ltr'>Acta</span> <span class='ocrx_word' id='word_1_179' title='bbox 701 2728 797 2791; x_wconf 88' lang='lat' dir='ltr'>super</span> <span class='ocrx_word' id='word_1_180' title='bbox 808 2708 945 2771; x_wconf 82' lang='lat' dir='ltr'>fundum</span> <span class='ocrx_word' id='word_1_181' title='bbox 956 2708 1114 2771; x_wconf 91' lang='lat' dir='ltr'>dictorum</span> <span class='ocrx_word' id='word_1_182' title='bbox 1125 2716 1380 2773; x_wconf 89' lang='lat' dir='ltr'>tenementorum</span> 
     </span>
     <span class='ocr_line' id='line_1_22' title="bbox 224 2819 1380 2903; baseline -0.002 -17"><span class='ocrx_word' id='word_1_183' title='bbox 224 2828 258 2886; x_wconf 90' lang='lat' dir='ltr'>et</span> <span class='ocrx_word' id='word_1_184' title='bbox 279 2821 383 2885; x_wconf 92' lang='lat' dir='ltr'>medie</span> <span class='ocrx_word' id='word_1_185' title='bbox 406 2841 475 2885; x_wconf 87' lang='lat' dir='ltr'>acre</span> <span class='ocrx_word' id='word_1_186' title='bbox 498 2827 597 2899; x_wconf 89' lang='lat' dir='ltr'>terre;</span> <span class='ocrx_word' id='word_1_187' title='bbox 617 2819 819 2903; x_wconf 87' lang='lat' dir='ltr'>presentibus</span> <span class='ocrx_word' id='word_1_188' title='bbox 841 2819 961 2883; x_wconf 91' lang='lat' dir='ltr'>ibidem</span> <span class='ocrx_word' id='word_1_189' title='bbox 982 2819 1125 2902; x_wconf 89' lang='lat' dir='ltr'>prouidis</span> <span class='ocrx_word' id='word_1_190' title='bbox 1148 2820 1226 2884; x_wconf 88' lang='lat' dir='ltr'>viris</span> <span class='ocrx_word' id='word_1_191' title='bbox 1241 2820 1380 2885; x_wconf 89' lang='lat' dir='ltr'>dominis</span> 
     </span>
     <span class='ocr_line' id='line_1_23' title="bbox 223 2929 1381 3015; baseline -0.001 -18"><span class='ocrx_word' id='word_1_192' title='bbox 223 2932 247 2997; x_wconf 87' lang='lat' dir='ltr'><strong>J</strong></span> <span class='ocrx_word' id='word_1_193' title='bbox 248 2932 373 2996; x_wconf 89' lang='lat' dir='ltr'>ohanne</span> <span class='ocrx_word' id='word_1_194' title='bbox 389 2932 597 3015; x_wconf 84' lang='lat' dir='ltr'>Symontoun,</span> <span class='ocrx_word' id='word_1_195' title='bbox 613 2931 735 2995; x_wconf 91' lang='lat' dir='ltr'>notario</span> <span class='ocrx_word' id='word_1_196' title='bbox 750 2930 888 3014; x_wconf 92' lang='lat' dir='ltr'>publico,</span> <span class='ocrx_word' id='word_1_197' title='bbox 903 2929 1087 2994; x_wconf 83' lang='lat' dir='ltr'>Alexandro</span> <span class='ocrx_word' id='word_1_198' title='bbox 1103 2930 1186 3007; x_wconf 88' lang='lat' dir='ltr'>Scot,</span> <span class='ocrx_word' id='word_1_199' title='bbox 1198 2931 1381 3015; x_wconf 90' lang='lat' dir='ltr'>capellanis,</span> 
     </span>
     <span class='ocr_line' id='line_1_24' title="bbox 224 3041 1380 3128; baseline -0.001 -20"><span class='ocrx_word' id='word_1_200' title='bbox 224 3044 360 3128; x_wconf 79' lang='lat' dir='ltr'>Georgia</span> <span class='ocrx_word' id='word_1_201' title='bbox 390 3044 511 3127; x_wconf 88' lang='lat' dir='ltr'>Henry,</span> <span class='ocrx_word' id='word_1_202' title='bbox 541 3043 678 3107; x_wconf 84' lang='lat' dir='ltr'>Robcrto</span> <span class='ocrx_word' id='word_1_203' title='bbox 708 3041 838 3126; x_wconf 83' lang='lat' dir='ltr'>Myllar,</span> <span class='ocrx_word' id='word_1_204' title='bbox 868 3042 1005 3105; x_wconf 88' lang='lat' dir='ltr'>Roberto</span> <span class='ocrx_word' id='word_1_205' title='bbox 1039 3042 1201 3119; x_wconf 85' lang='lat' dir='ltr'>Peterson,</span> <span class='ocrx_word' id='word_1_206' title='bbox 1230 3042 1380 3108; x_wconf 84' lang='lat' dir='ltr'>Johanne</span> 
     </span>
     <span class='ocr_line' id='line_1_25' title="bbox 223 3152 1380 3236; baseline -0.003 -16"><span class='ocrx_word' id='word_1_207' title='bbox 223 3156 325 3233; x_wconf 88' lang='lat' dir='ltr'>Deno,</span> <span class='ocrx_word' id='word_1_208' title='bbox 339 3155 460 3220; x_wconf 82' lang='lat' dir='ltr'>Thomu</span> <span class='ocrx_word' id='word_1_209' title='bbox 474 3155 634 3231; x_wconf 79' lang='lat' dir='ltr'>Iowdian,</span> <span class='ocrx_word' id='word_1_210' title='bbox 649 3162 682 3218; x_wconf 91' lang='lat' dir='ltr'>et</span> <span class='ocrx_word' id='word_1_211' title='bbox 697 3154 719 3218; x_wconf 88' lang='lat' dir='ltr'>J</span> <span class='ocrx_word' id='word_1_212' title='bbox 721 3153 846 3217; x_wconf 88' lang='lat' dir='ltr'>ohanne</span> <span class='ocrx_word' id='word_1_213' title='bbox 861 3153 979 3229; x_wconf 86' lang='lat' dir='ltr'>Portar,</span> <span class='ocrx_word' id='word_1_214' title='bbox 991 3152 1202 3236; x_wconf 88' lang='lat' dir='ltr'>burgensibus</span> <span class='ocrx_word' id='word_1_215' title='bbox 1217 3153 1257 3218; x_wconf 90' lang='lat' dir='ltr'>de</span> <span class='ocrx_word' id='word_1_216' title='bbox 1273 3155 1380 3231; x_wconf 90' lang='lat' dir='ltr'>Irwin,</span> 
     </span>
     <span class='ocr_line' id='line_1_26' title="bbox 224 3264 1378 3352; baseline -0.005 -18"><span class='ocrx_word' id='word_1_217' title='bbox 224 3269 361 3334; x_wconf 88' lang='lat' dir='ltr'>testibus</span> <span class='ocrx_word' id='word_1_218' title='bbox 376 3268 417 3333; x_wconf 89' lang='lat' dir='ltr'>ad</span> <span class='ocrx_word' id='word_1_219' title='bbox 431 3268 585 3352; x_wconf 90' lang='lat' dir='ltr'>premissa</span> <span class='ocrx_word' id='word_1_220' title='bbox 599 3266 720 3331; x_wconf 86' lang='lat' dir='ltr'>vocatis</span> <span class='ocrx_word' id='word_1_221' title='bbox 739 3264 919 3348; x_wconf 85' lang='lat' dir='ltr'>specialiter</span> <span class='ocrx_word' id='word_1_222' title='bbox 933 3271 966 3328; x_wconf 93' lang='lat' dir='ltr'>et</span> <span class='ocrx_word' id='word_1_223' title='bbox 987 3265 1113 3348; x_wconf 89' lang='lat' dir='ltr'>rogatis,</span> <span class='ocrx_word' id='word_1_224' title='bbox 1127 3265 1204 3329; x_wconf 91' lang='lat' dir='ltr'>hora</span> <span class='ocrx_word' id='word_1_225' title='bbox 1218 3266 1311 3348; x_wconf 86' lang='lat' dir='ltr'>quasi</span> <span class='ocrx_word' id='word_1_226' title='bbox 1333 3267 1378 3347; x_wconf 87' lang='lat' dir='ltr'>xij</span> 
     </span>
     <span class='ocr_line' id='line_1_27' title="bbox 224 3379 625 3457; baseline -0.002 -13"><span class='ocrx_word' id='word_1_227' title='bbox 224 3379 259 3444; x_wconf 92' lang='lat' dir='ltr'>in</span> <span class='ocrx_word' id='word_1_228' title='bbox 275 3381 416 3457; x_wconf 87' lang='lat' dir='ltr'>meridie,</span> <span class='ocrx_word' id='word_1_229' title='bbox 431 3380 484 3445; x_wconf 89' lang='lat' dir='ltr'>vel</span> <span class='ocrx_word' id='word_1_230' title='bbox 498 3379 625 3445; x_wconf 87' lang='lat' dir='ltr'>eacirea.</span> 
     </span>
    </p>
   </div>
   <div class='ocr_carea' id='block_1_3' title="bbox 703 3541 905 3605">
    <p class='ocr_par' dir='ltr' id='par_1_3' title="bbox 703 3541 905 3605">
     <span class='ocr_line' id='line_1_28' title="bbox 703 3541 905 3605; baseline 0 -1"><span class='ocrx_word' id='word_1_231' title='bbox 703 3543 730 3605; x_wconf 84' lang='lat'>2.</span> <span class='ocrx_word' id='word_1_232' title='bbox 753 3541 905 3605; x_wconf 75' lang='lat' dir='ltr'>annLrs.</span> 
     </span>
    </p>
   </div>
   <div class='ocr_carea' id='block_1_4' title="bbox 223 3707 1382 4463">
    <p class='ocr_par' dir='ltr' id='par_1_4' title="bbox 223 3707 1382 4463">
     <span class='ocr_line' id='line_1_29' title="bbox 260 3707 1381 3796; baseline 0.005 -25"><span class='ocrx_word' id='word_1_233' title='bbox 260 3707 358 3772; x_wconf 83' lang='lat' dir='ltr'>Anno</span> <span class='ocrx_word' id='word_1_234' title='bbox 372 3709 514 3786; x_wconf 92' lang='lat' dir='ltr'>Domini,</span> <span class='ocrx_word' id='word_1_235' title='bbox 526 3717 593 3787; x_wconf 82' lang='lat' dir='ltr'>etc,</span> <span class='ocrx_word' id='word_1_236' title='bbox 603 3714 807 3794; x_wconf 86' lang='lat' dir='ltr'>nonagesimo</span> <span class='ocrx_word' id='word_1_237' title='bbox 818 3715 874 3792; x_wconf 86' lang='lat' dir='ltr'>ix0,</span> <span class='ocrx_word' id='word_1_238' title='bbox 887 3714 939 3778; x_wconf 90' lang='lat' dir='ltr'>die</span> <span class='ocrx_word' id='word_1_239' title='bbox 952 3714 1059 3796; x_wconf 83' lang='lat' dir='ltr'>xxiiij·</span> <span class='ocrx_word' id='word_1_240' title='bbox 1071 3714 1195 3790; x_wconf 90' lang='lat' dir='ltr'>Marcii,</span> <span class='ocrx_word' id='word_1_241' title='bbox 1207 3713 1381 3778; x_wconf 90' lang='lat' dir='ltr'>indictione</span> 
     </span>
     <span class='ocr_line' id='line_1_30' title="bbox 225 3821 1381 3906; baseline 0.001 -24"><span class='ocrx_word' id='word_1_242' title='bbox 225 3821 268 3896; x_wconf 77' lang='lat'>3⁸,</span> <span class='ocrx_word' id='word_1_243' title='bbox 282 3821 486 3903; x_wconf 85' lang='lat' dir='ltr'>pontificatus</span> <span class='ocrx_word' id='word_1_244' title='bbox 508 3840 589 3903; x_wconf 89' lang='lat' dir='ltr'>pape</span> <span class='ocrx_word' id='word_1_245' title='bbox 611 3821 798 3899; x_wconf 81' lang='lat' dir='ltr'>Alexandri,</span> <span class='ocrx_word' id='word_1_246' title='bbox 821 3844 902 3906; x_wconf 91' lang='lat' dir='ltr'>pape</span> <span class='ocrx_word' id='word_1_247' title='bbox 924 3825 1017 3898; x_wconf 84' lang='lat' dir='ltr'>sexti,</span> <span class='ocrx_word' id='word_1_248' title='bbox 1040 3845 1124 3888; x_wconf 90' lang='lat' dir='ltr'>anno</span> <span class='ocrx_word' id='word_1_249' title='bbox 1146 3826 1227 3906; x_wconf 84' lang='lat' dir='ltr'>viij0,</span> <span class='ocrx_word' id='word_1_250' title='bbox 1242 3830 1275 3886; x_wconf 90' lang='lat' dir='ltr'>et</span> <span class='ocrx_word' id='word_1_251' title='bbox 1297 3842 1381 3884; x_wconf 85' lang='lat' dir='ltr'>anno</span> 
     </span>
     <span class='ocr_line' id='line_1_31' title="bbox 224 3929 1380 4017; baseline -0.003 -20"><span class='ocrx_word' id='word_1_252' title='bbox 224 3933 313 4017; x_wconf 84' lang='lat' dir='ltr'>regni</span> <span class='ocrx_word' id='word_1_253' title='bbox 328 3932 350 3996; x_wconf 91' lang='lat' dir='ltr'><strong>J</strong></span> <span class='ocrx_word' id='word_1_254' title='bbox 352 3931 440 3995; x_wconf 88' lang='lat' dir='ltr'>accbi</span> <span class='ocrx_word' id='word_1_255' title='bbox 456 3932 562 4013; x_wconf 83' lang='lat' dir='ltr'>quarti</span> <span class='ocrx_word' id='word_1_256' title='bbox 583 3931 660 4013; x_wconf 81' lang='lat' dir='ltr'>xij0:</span> <span class='ocrx_word' id='word_1_257' title='bbox 686 3932 725 3993; x_wconf 92' lang='lat' dir='ltr'>In</span> <span class='ocrx_word' id='word_1_258' title='bbox 742 3933 804 3996; x_wconf 89' lang='lat' dir='ltr'>mei</span> <span class='ocrx_word' id='word_1_259' title='bbox 828 3934 941 3996; x_wconf 87' lang='lat' dir='ltr'>notarii</span> <span class='ocrx_word' id='word_1_260' title='bbox 956 3935 1087 4016; x_wconf 90' lang='lat' dir='ltr'>publici,</span> <span class='ocrx_word' id='word_1_261' title='bbox 1103 3942 1172 4008; x_wconf 79' lang='lat' dir='ltr'>etc,</span> <span class='ocrx_word' id='word_1_262' title='bbox 1187 3929 1380 3995; x_wconf 84' lang='lat' dir='ltr'>honorabilis</span> 
     </span>
     <span class='ocr_line' id='line_1_32' title="bbox 224 4040 1382 4126; baseline -0.003 -18"><span class='ocrx_word' id='word_1_263' title='bbox 224 4045 283 4120; x_wconf 84' lang='lat' dir='ltr'>vir,</span> <span class='ocrx_word' id='word_1_264' title='bbox 298 4043 452 4126; x_wconf 84' lang='lat' dir='ltr'>Georgius</span> <span class='ocrx_word' id='word_1_265' title='bbox 464 4041 587 4106; x_wconf 89' lang='lat' dir='ltr'>Wallcs</span> <span class='ocrx_word' id='word_1_266' title='bbox 605 4041 644 4105; x_wconf 89' lang='lat' dir='ltr'>de</span> <span class='ocrx_word' id='word_1_267' title='bbox 656 4042 799 4124; x_wconf 87' lang='lat' dir='ltr'>Ellirsly,</span> <span class='ocrx_word' id='word_1_268' title='bbox 811 4064 876 4106; x_wconf 92' lang='lat' dir='ltr'>non</span> <span class='ocrx_word' id='word_1_269' title='bbox 891 4043 924 4105; x_wconf 87' lang='lat' dir='ltr'>vi</span> <span class='ocrx_word' id='word_1_270' title='bbox 940 4052 996 4106; x_wconf 89' lang='lat' dir='ltr'>aut</span> <span class='ocrx_word' id='word_1_271' title='bbox 1011 4052 1100 4107; x_wconf 90' lang='lat' dir='ltr'>metu</span> <span class='ocrx_word' id='word_1_272' title='bbox 1115 4044 1240 4116; x_wconf 89' lang='lat' dir='ltr'>ductus,</span> <span class='ocrx_word' id='word_1_273' title='bbox 1251 4040 1307 4104; x_wconf 90' lang='lat' dir='ltr'>scd</span> <span class='ocrx_word' id='word_1_274' title='bbox 1323 4061 1382 4105; x_wconf 89' lang='lat' dir='ltr'>sua</span> 
     </span>
     <span class='ocr_line' id='line_1_33' title="bbox 223 4152 1381 4238; baseline -0.004 -18"><span class='ocrx_word' id='word_1_275' title='bbox 223 4155 325 4220; x_wconf 88' lang='lat' dir='ltr'>libera</span> <span class='ocrx_word' id='word_1_276' title='bbox 338 4162 372 4219; x_wconf 88' lang='lat' dir='ltr'>et</span> <span class='ocrx_word' id='word_1_277' title='bbox 386 4163 560 4238; x_wconf 73' lang='lat' dir='ltr'>spmntnnea</span> <span class='ocrx_word' id='word_1_278' title='bbox 572 4153 745 4229; x_wconf 84' lang='lat' dir='ltr'>voluntate,</span> <span class='ocrx_word' id='word_1_279' title='bbox 757 4174 850 4218; x_wconf 90' lang='lat' dir='ltr'>omne</span> <span class='ocrx_word' id='word_1_280' title='bbox 859 4155 922 4237; x_wconf 89' lang='lat' dir='ltr'>jus,</span> <span class='ocrx_word' id='word_1_281' title='bbox 934 4153 1099 4230; x_wconf 86' lang='lat' dir='ltr'>clameum,</span> <span class='ocrx_word' id='word_1_282' title='bbox 1112 4152 1335 4236; x_wconf 82' lang='lat' dir='ltr'>proprietatem</span> <span class='ocrx_word' id='word_1_283' title='bbox 1347 4160 1381 4216; x_wconf 89' lang='lat' dir='ltr'>et</span> 
     </span>
     <span class='ocr_line' id='line_1_34' title="bbox 224 4263 1380 4353; baseline -0.005 -20"><span class='ocrx_word' id='word_1_284' title='bbox 224 4268 463 4353; x_wconf 88' lang='lat' dir='ltr'>possessionem,</span> <span class='ocrx_word' id='word_1_285' title='bbox 478 4287 575 4350; x_wconf 89' lang='lat' dir='ltr'>quam</span> <span class='ocrx_word' id='word_1_286' title='bbox 590 4273 647 4330; x_wconf 88' lang='lat' dir='ltr'>aut</span> <span class='ocrx_word' id='word_1_287' title='bbox 661 4285 741 4348; x_wconf 86' lang='lat' dir='ltr'>quas</span> <span class='ocrx_word' id='word_1_288' title='bbox 754 4265 874 4342; x_wconf 88' lang='lat' dir='ltr'>habuit,</span> <span class='ocrx_word' id='word_1_289' title='bbox 885 4267 919 4328; x_wconf 93' lang='lat' dir='ltr'>in</span> <span class='ocrx_word' id='word_1_290' title='bbox 931 4265 984 4330; x_wconf 85' lang='lat' dir='ltr'>vel</span> <span class='ocrx_word' id='word_1_291' title='bbox 999 4266 1040 4329; x_wconf 91' lang='lat' dir='ltr'>ad</span> <span class='ocrx_word' id='word_1_292' title='bbox 1054 4264 1212 4348; x_wconf 76' lang='lat' dir='ltr'>predictas</span> <span class='ocrx_word' id='word_1_293' title='bbox 1227 4271 1325 4327; x_wconf 87' lang='lat' dir='ltr'>terras</span> <span class='ocrx_word' id='word_1_294' title='bbox 1340 4263 1380 4328; x_wconf 92' lang='lat' dir='ltr'>de</span> 
     </span>
     <span class='ocr_line' id='line_1_35' title="bbox 226 4373 1380 4463; baseline -0.005 -18"><span class='ocrx_word' id='word_1_295' title='bbox 226 4379 366 4463; x_wconf 80' lang='lat' dir='ltr'>EUirsly,</span> <span class='ocrx_word' id='word_1_296' title='bbox 375 4399 448 4445; x_wconf 90' lang='lat' dir='ltr'>curn</span> <span class='ocrx_word' id='word_1_297' title='bbox 463 4377 677 4462; x_wconf 87' lang='lat' dir='ltr'>pertinenciis,</span> <span class='ocrx_word' id='word_1_298' title='bbox 682 4377 825 4459; x_wconf 86' lang='lat' dir='ltr'>jacentes</span> <span class='ocrx_word' id='word_1_299' title='bbox 840 4378 874 4441; x_wconf 94' lang='lat' dir='ltr'>in</span> <span class='ocrx_word' id='word_1_300' title='bbox 885 4376 1109 4443; x_wconf 87' lang='lat' dir='ltr'>vicecomitatu</span> <span class='ocrx_word' id='word_1_301' title='bbox 1124 4373 1164 4437; x_wconf 89' lang='lat' dir='ltr'>de</span> <span class='ocrx_word' id='word_1_302' title='bbox 1177 4375 1333 4450; x_wconf 83' lang='lat' dir='ltr'>Ranfrcw,</span> <span class='ocrx_word' id='word_1_303' title='bbox 1345 4375 1380 4439; x_wconf 93' lang='lat' dir='ltr'>in</span> 
     </span>
    </p>
   </div>
   <div class='ocr_carea' id='block_1_5' title="bbox 0 0 1504 4936">
    <p class='ocr_par' dir='ltr' id='par_1_5' title="bbox 0 0 1504 4936">
     <span class='ocr_line' id='line_1_36' title="bbox 0 0 1504 4936; baseline 0 0"><span class='ocrx_word' id='word_1_304' title='bbox 0 0 1504 4936; x_wconf 95' lang='lat' dir='ltr'> </span> 
     </span>
    </p>
   </div>
  </div>
 </body>
</html>
