2994 4936
248 419 311 481 488
511 503 514 506 .
725 434 931 482 rnoroccml

84 617 140 654 an.
162 607 231 657 1513.
248 590 416 674 capitulari
438 590 569 655 ecclesie
592 591 808 675 Glasguensis‚
823 592 900 655 hora
922 591 1046 656 decime
1068 598 1143 656 ante
1165 592 1334 656 meridiem
1352 593 1399 656 vel

129 699 195 708 “
248 706 340 781 cirea,
361 706 498 769 testibus
521 706 685 790 Magistris
708 715 741 770 et
762 706 901 769 dominis
924 707 1065 770 Martino
1088 707 1185 783 Rode,
1208 708 1399 784 cancellario,

248 815 392 905 Rolando
408 816 569 893 Blacader,
584 816 773 893 subdecano,
788 817 919 881 Andrea
935 818 1098 894 Sibbauld,
1114 818 1137 881 J
1139 819 1238 882 acobo
1254 818 1401 895 Steward,

249 929 383 1013 Georgia
407 930 482 1006 Ker,
498 929 606 992 Dauid
629 928 787 1012 Dcwgles,
805 929 936 992 Andrea
958 929 1137 1005 Merschell,
1153 929 1295 994 Roberto
1317 930 1401 993 Fau-

249 1040 325 1117 side,
348 1041 485 1104 Robertc
509 1040 654 1116 Boswcll,
671 1040 806 1123 Georgia
829 1040 1069 1123 Montgumbry,
1084 1041 1207 1103 Thema
1232 1040 1401 1125 Campbell,

249 1151 387 1215 Patricio
425 1151 573 1228 (iraham,
603 1151 761 1215 Richardc
799 1151 966 1227 Bothwell,
1003 1151 1141 1215 Patricio
1178 1152 1403 1236 Elphinstoun,

249 1263 386 1326 Roberto
417 1261 522 1338 Clerk,
552 1261 710 1328 Nieholao
739 1261 920 1344 Greynlaw,
945 1261 1129 1325 Alexandro
1160 1263 1403 1346 Hemmyltonn,

250 1373 387 1435 Robcrto
399 1372 561 1447 Machll,
570 1379 602 1434 et
617 1372 759 1435 Waltero
772 1372 943 1454 Kennidy:
966 1372 1056 1437 Dieti
1067 1371 1234 1436 Rolandus
1246 1373 1404 1450 Blacader,
1444 1398 1450 1413 ·

248 1483 421 1565 presidere,
443 1489 476 1546 et
499 1483 676 1565 capitulum
700 1483 904 1566 Glasguense,
926 1491 1000 1566 post
1022 1504 1137 1546 sonum
1159 1504 1325 1567 campane,
1343 1494 1405 1561 etc,

249 1593 466 1676 capitulariter·
492 1594 681 1677 congregati,
705 1594 902 1670 assederunt,
926 1601 959 1659 et
984 1595 1025 1657 ad
1054 1595 1177 1658 firmam
1208 1595 1407 1671 dimisemnt,

249 1706 423 1770 venerabili
447 1706 514 1768 viro
538 1706 693 1789 lllagistro
718 1707 855 1769 Roberto
887 1707 1032 1782 Forman,
1055 1706 1175 1770 decano
1207 1706 1407 1791 Glasguensi

250 1839 305 1881 sex
322 1825 476 1881 mercatae
492 1838 565 1881 cum
578 1817 711 1900 dimidia
722 1824 877 1880 terrarum
889 1804 1015 1900 antiqui
1028 1825 1178 1881 extentus
1190 1817 1230 1882 de
1247 1818 1407 1902 Campolc,

249 1931 447 2012 pertinentes
462 1930 602 2013 capitulo
620 1928 820 2011 Glasguensi,
834 1928 976 1992 iacentes
991 1929 1025 1991 in
1037 1928 1185 2011 parochia
1201 1929 1240 1993 dc

251 2041 348 2104 ballia
366 2041 406 2104 de
430 2041 606 2123 Conigham
623 2047 656 2103 ct
679 2040 762 2102 intra
785 2041 1043 2103 vicecomitatmn
1059 2040 1099 2104 de
1114 2041 1210 2123 Ayrc,
1225 2061 1284 2123 pro
1306 2042 1408 2106 tribus

250 2153 343 2215 annis
370 2152 487 2214 suturis
514 2173 533 2214 a
562 2152 638 2214 data
667 2152 748 2214 festo
776 2151 1003 2215 Penteelrcstcs
1020 2137 1141 2214 'vltimo
1165 2160 1197 2215 et
1223 2153 1408 2216 immediate

251 2271 409 2328 transacto
437 2263 577 2346 plenarie
602 2263 816 2345 complendis:
851 2263 921 2339 Quo
948 2264 1029 2327 festo
1054 2263 1279 2328 Pentechostes
1302 2265 1409 2329 dictus

251 2375 390 2439 decanus
406 2376 540 2438 intrauit
551 2374 735 2438 huiusmodi
747 2375 988 2450 assedationem,
999 2375 1044 2438 sic
1056 2374 1141 2457 quod
1153 2375 1259 2439 dietus
1269 2376 1409 2441 decanus

251 2486 446 2568 complaceat
460 2486 590 2548 interim
607 2486 734 2549 dominc
750 2486 860 2549 comiti
874 2486 913 2549 de
930 2487 1087 2562 leuenax,
1103 2507 1199 2569 super
1221 2486 1409 2551 huiusmodi

250 2597 457 2671 asseclatione,
473 2596 552 2658 alias
568 2618 649 2659 non:
672 2597 832 2660 Soluendo
855 2598 929 2660 inde
952 2597 1120 2660 annuatim
1139 2597 1244 2660 dictus
1267 2597 1409 2663 decanus

250 2707 373 2790 prefato
403 2706 543 2788 capitulo
570 2727 626 2768 sex
654 2727 773 2769 mareas
796 2709 841 2789 vj³
867 2705 940 2789 viijd
966 2707 1087 2771 usualis
1113 2715 1249 2784 monete,
1272 2716 1306 2773 et
1329 2710 1409 2774 duas

251 2839 354 2882 masas
377 2817 526 2881 allecium
549 2818 745 2880 rubricarum
767 2825 800 2880 et
822 2839 923 2881 vnum
945 2820 1061 2882 bouem
1084 2819 1274 2902 saginatum,
1289 2821 1330 2884 ad
1346 2831 1409 2886 ter-

250 2932 355 2994 minos
370 2930 447 3010 anni
462 2937 638 3005 consuetos,
654 2936 686 2991 et
701 2935 794 3011 prout
810 2950 909 3011 vsque
924 2931 988 2992 fuit
1002 2930 1186 2993 huiusmodi
1201 2951 1251 2994 res
1267 2931 1410 3010 soluere;

251 3051 283 3106 et
307 3043 452 3106 faciendo
479 3042 633 3105 tenendos
659 3041 816 3105 dictarum
839 3050 994 3104 terrarum
1017 3062 1196 3124 comparere
1219 3041 1260 3104 ad
1286 3043 1409 3106 curiam

251 3154 444 3217 balliuorum
474 3153 513 3217 de
536 3153 567 3217 lc
591 3153 810 3228 Chanorrland,
834 3154 917 3216 sicut
938 3152 994 3215 alii
1024 3152 1157 3216 tenendi
1183 3154 1410 3219 canonicomm

252 3266 383 3341 faciunt,
399 3275 475 3329 etc:
499 3265 601 3328 Peciit
623 3264 708 3328 idem
731 3264 871 3328 decanus
893 3264 1125 3327 instrumenta:
1147 3265 1230 3328 Aeta
1245 3273 1283 3328 vt
1302 3286 1410 3349 supra,

251 3389 308 3441 etc.

556 3541 629 3603 635.
651 3541 829 3602 Bracmaa
852 3540 1077 3603 Suanacrrus.

294 3714 356 3775 Die
373 3714 535 3787 Mercurii,
551 3713 629 3795 xviij
648 3713 767 3775 mensis
784 3713 874 3788 Maii,
890 3712 924 3774 in
941 3712 1082 3795 capitulo
1104 3712 1245 3795 generali
1269 3712 1409 3778 Penthe-

250 3823 371 3899 costali,
386 3845 478 3899 anno,
494 3845 610 3898 mense,
626 3823 800 3886 indictione
823 3831 856 3887 et
877 3824 1073 3907 pontificatu,
1089 3825 1205 3906 quibus
1224 3824 1410 3889 immediate

250 3956 354 4018 supra,
370 3935 403 3997 in
426 3935 496 3998 loco
519 3934 695 4016 capitulari,
711 3934 787 3997 hora
809 3934 933 3999 decima
955 3943 1030 3998 ante
1052 3934 1218 3998 meridiem
1240 3934 1293 3998 vel
1316 3935 1409 4013 circe,

249 4049 386 4111 testibus
413 4046 577 4130 Magistris
608 4055 640 4109 et
667 4046 804 4109 dominis
834 4046 973 4109 Patricio
1004 4046 1229 4129 Elphinstoun,
1268 4047 1408 4111 Patricio

249 4160 399 4235 (iraham,
414 4159 534 4223 Jaccbo
561 4157 712 4234 Stcu'ard,
737 4158 842 4221 Adam
869 4158 1073 4241 Culquhoun,
1095 4158 1280 4221 Alexandro
1305 4158 1407 4222 Ham-

249 4270 405 4353 myltcun,
433 4270 569 4333 Rcbertc
601 4268 705 4345 Clark,
733 4270 870 4334 Roberto
893 4270 1044 4345 Fauside,
1070 4270 1201 4333 Andrea
1224 4269 1407 4346 Merschell,

248 4389 281 4444 ct
311 4382 449 4446 Roberto
476 4380 632 4445 Boswell:
659 4381 809 4446 Decanus
832 4388 865 4445 ct
887 4381 1075 4464 capitulum,
1098 4389 1165 4458 etc,
1194 4389 1268 4464 post
1290 4401 1407 4446 sonum
