2994 4936
705 435 913 486 PROTOGOLLA

665 645 737 710 443.
763 646 957 712 Brnumrsn

274 819 405 884 Eisdem
427 840 483 903 pcr
505 819 629 883 omnia:
651 819 738 883 idem
759 819 930 902 Birkmyre
952 820 1088 885 asseruit
1110 841 1145 886 sa
1167 821 1292 888 iurasse
1307 830 1394 890 stare

230 932 391 996 mandatis
428 929 561 994 ecclesie
597 937 631 994 et
666 929 933 1006 reuerendissimi,
962 936 1001 995 vt
1029 951 1134 1015 supra,
1163 934 1395 999 tantummodo

230 1044 271 1108 ad
297 1040 490 1127 placendum
512 1040 598 1104 dioto
620 1040 895 1118 reuerendissimo‚
909 1048 943 1105 et
965 1061 1030 1106 non
1052 1041 1153 1108 alias:
1175 1042 1283 1108 Peciit
1305 1045 1394 1111 idern

230 1155 461 1220 instrumenta:
483 1150 568 1216 Acta
581 1157 619 1216 vt
633 1157 666 1217 et
681 1151 737 1215 vbi
751 1170 853 1234 supra

467 1421 539 1485 444
564 1422 660 1500 Lusa,
682 1423 916 1501 bromosis
938 1422 1155 1488 Cornutum·

272 1594 336 1659 Die
359 1593 499 1672 Sabbati,
520 1593 632 1679 vigilia
654 1595 891 1673 Pentbecostes,
907 1595 987 1679 xviij
1010 1595 1100 1670 Maii,
1122 1615 1208 1660 anno
1230 1597 1393 1684 quingen·

229 1707 344 1772 tesimo
374 1715 418 1784 κθ,
445 1707 621 1771 indictione
645 1708 713 1790 xiij,
736 1707 944 1790 pontificatus
970 1708 1054 1771 Julii
1080 1706 1124 1772 2⁴¹¹
1155 1728 1241 1772 anno
1263 1711 1336 1794 vij0,
1359 1720 1393 1776 et

229 1819 320 1904 regni
343 1839 428 1882 anno
452 1819 539 1902 xxij:
570 1819 730 1883 Robertus
756 1817 953 1901 Culquboun
976 1817 1205 1902 prebendarius
1236 1820 1278 1885 de
1309 1822 1394 1886 Lusa

232 1931 272 1996 de
294 1952 380 1996 nouo
402 1931 581 2007 institutus,
603 1931 693 1994 faciit
716 1930 902 1995 canonicum
924 1929 1150 2007 obedientiam,
1172 1935 1206 1995 et
1225 1951 1286 2015 per
1306 1933 1394 1997 iura·

231 2051 380 2108 mentum
391 2047 581 2106 consuetum
593 2048 626 2105 et
637 2041 769 2105 solitum
783 2041 952 2124 prestaria
968 2041 1129 2106 canonicis
1144 2041 1280 2107 ecclesie
1297 2043 1395 2109 Glas·

231 2155 371 2238 guensis
388 2153 544 2237 Magistro
557 2152 695 2217 Roberto
706 2152 843 2215 Forman
855 2151 975 2216 decano
986 2160 1019 2216 et
1030 2151 1171 2236 capitulo
1184 2152 1395 2237 Glasguensi,

231 2266 266 2327 in
281 2263 423 2348 capitulo
437 2263 577 2347 generali
592 2262 837 2338 Penteobostali‚
853 2269 926 2346 post
948 2281 1063 2326 sonum
1078 2283 1234 2346 campane
1253 2264 1396 2347 pulsate,

231 2383 301 2451 eta,
327 2375 447 2438 iunctis
473 2374 632 2450 manibus,
658 2382 691 2438 et
715 2373 868 2437 immissis
890 2373 975 2437 inter
999 2372 1123 2456 palmas
1148 2373 1229 2437 dicti
1255 2373 1395 2441 decani:

232 2486 335 2549 Peciit
365 2487 471 2548 dictus
508 2486 648 2549 decanus
685 2485 814 2548 nomine
842 2484 970 2568 proprio
999 2491 1033 2548 et
1061 2483 1204 2567 capituli,
1234 2504 1272 2549 ao
1303 2486 1392 2551 idem

233 2596 391 2659 Robertus
407 2595 603 2677 Culquboun
625 2597 895 2660 instrumentum:
918 2597 1001 2660 Acta
1024 2596 1059 2658 in
1083 2595 1224 2680 capitulo
1252 2596 1392 2682 Glasgu-

232 2707 310 2783 ensi,
321 2705 398 2768 hora
413 2706 505 2787 quasi
522 2706 553 2787 xj
571 2713 646 2769 ante
662 2707 828 2770 meridiem
834 2731 841 2786 ;
855 2707 1000 2783 testibus,
1011 2707 1176 2791 Magistris
1192 2705 1300 2771 Adam
1314 2710 1393 2773 Cul-

232 2818 374 2902 quhoun,
396 2816 580 2880 Alexandro
604 2816 840 2893 Harumiltoun,
862 2817 971 2881 Dauid
994 2817 1229 2894 Hammiltoun,
1252 2819 1394 2905 Georgio

233 2932 321 3006 Care,
337 2928 475 2993 Patricio
490 2928 718 3013 Elphinstoun,
733 2928 894 2992 canonicis
910 2928 1169 3013 Glasguensibus.

557 3209 630 3272 445.
654 3207 1066 3271 Hosrrrrnn-Monnunn

275 3381 405 3446 Eisdem
421 3402 479 3465 per
493 3381 617 3446 omnia:
641 3381 791 3445 Decanus
806 3387 840 3444 et
854 3378 1032 3462 capitulum
1052 3384 1278 3444 concesserunt
1292 3400 1391 3445 suum

231 3494 374 3576 sigillum
404 3514 574 3557 commune
603 3492 776 3556 annexioni
805 3490 910 3554 mansi
939 3491 1099 3573 prebende
1128 3490 1168 3555 de
1198 3491 1332 3569 Askirk,
1358 3501 1393 3557 et

232 3603 466 3667 confirmationi
496 3603 650 3680 eiusdem,
676 3624 712 3667 ac
738 3602 983 3666 fundationibus
1006 3601 1162 3665 faciendis
1185 3622 1243 3685 per
1269 3603 1392 3688 Magis·

232 3720 319 3775 trum
334 3714 489 3776 Thomam
505 3714 663 3779 Murhedc
678 3713 922 3798 prebendarium
938 3713 977 3777 de
993 3713 1113 3779 Govan

591 3985 664 4049 446.
689 3984 802 4049 Cannu
825 3986 1025 4050 Soccruron

277 4153 406 4218 Eisdem
430 4155 489 4233 die,
517 4157 550 4218 in
574 4156 644 4220 loco
667 4157 880 4223 consistoriali
906 4157 1039 4223 ecclesie
1066 4158 1283 4243 Glasguensis,
1309 4158 1389 4224 hora

229 4267 322 4348 quasi
344 4267 389 4349 xij
414 4267 448 4330 in
470 4268 619 4332 moridie:
642 4268 798 4352 Magister
820 4269 981 4335 Martinus
1003 4269 1101 4347 Rode,
1122 4269 1389 4337 cancellarius'et

230 4379 377 4444 officialis
393 4377 612 4462 Glasguensis,
623 4400 680 4463 pro
695 4379 850 4444 tribunali
864 4379 1039 4457 sedeus‚ad
1054 4380 1126 4445 iura
1139 4380 1390 4461 reddendaeto,
