2994 4936
689 406 896 493 Psorocotta

705 653 753 716 13.
777 652 874 716 Txrr.

254 824 360 902 Anno,
383 825 443 905 die,
467 846 586 902 mense,
608 825 792 901 indictione,
813 824 891 902 loco,
918 825 1116 908 pontificatu,
1142 825 1227 903 hora,
1251 826 1370 909 quibus

211 956 316 1021 supra,
330 938 523 1022 interrogata
545 937 696 1002 Felicitas
717 936 882 1012 Achinlos,
897 937 994 1021 virgo,
1017 938 1057 1001 ab
1078 938 1216 1022 Hugone
1239 937 1369 1014 Walles,

210 1069 268 1133 pro
282 1057 372 1133 parte
387 1049 516 1132 Georgii
530 1049 612 1126 Fait,
627 1048 686 1112 filii
708 1055 741 1113 et
763 1047 889 1112 heredis
903 1048 1081 1113 Alexandri
1100 1050 1174 1113 Fait
1193 1051 1233 1114 de
1248 1049 1369 1113 Adam-

210 1159 280 1236 11111,
295 1160 323 1223 11
344 1166 429 1223 esset
450 1167 601 1224 contenta
622 1161 760 1243 recipere
783 1166 816 1223 11
834 1159 1003 1224 admittere
1017 1168 1116 1225 terras
1131 1161 1370 1244 suprascriptus,

210 1269 363 1334 videlieet
377 1292 445 1334 xxv
459 1271 603 1335 solidatis
619 1278 687 1348 111,
697 1279 735 1334 vt
749 1291 854 1353 supra,
866 1291 922 1354 pro
937 1271 1030 1334 totali
1045 1272 1143 1335 tercia
1158 1279 1314 1336 terrarum
1329 1272 1370 1336 de

210 1380 386 1459 Adamhill,
407 1403 470 1466 que
496 1383 701 1466 contingebat
730 1403 809 1458 eam,
832 1389 987 1464 tanquam
1013 1402 1163 1465 sponsam
1191 1381 1369 1465 legitimam

211 1492 291 1558 dicti
311 1493 490 1558 Alexandri
504 1494 578 1557 Tait
599 1493 638 1558 de
660 1492 836 1569 Adamhr'll,
851 1493 936 1556 dixit
957 1512 991 1556 se
1015 1498 1199 1556 contentam
1221 1493 1369 1554 omnino:

211 1604 356 1687 Insuper,
371 1605 527 1689 obligauit
547 1625 581 1670 se
603 1625 769 1688 nunquam
784 1603 1024 1667 nrolestaturam
1040 1609 1097 1666 aut
1119 1602 1369 1686 inquietaturum

212 1714 384 1800 Georgium
406 1717 488 1793 Tait,
502 1716 651 1780 heredem
673 1715 752 1780 dicti
767 1714 954 1790 Alexandri,
969 1715 1003 1777 in
1018 1714 1150 1797 pacifica
1171 1712 1369 1796 possessione

210 1834 388 1891 ceterarum
402 1835 559 1892 terrarum
574 1827 710 1892 dominii
720 1826 760 1890 de
775 1825 952 1902 Adamhill,
967 1846 986 1889 1
1001 1825 1092 1889 terris
1107 1824 1298 1908 prescriptis,
1313 1832 1371 1889 aut

210 1959 355 2022 unquam
373 1940 437 2023 jus,
452 1939 620 2016 clameum,
642 1937 871 2023 proprietatem
892 1943 950 2001 aut
971 1936 1212 2020 possessionem,
1233 1957 1290 2020 pro
1312 1956 1371 2001 sua

211 2051 318 2128 tercia,
330 2058 388 2115 aut
402 2051 613 2135 quouismodo
628 2050 716 2126 alies,
728 2049 970 2113 vendicaturam
985 2049 1021 2111 in
1035 2048 1114 2112 illis:
1137 2049 1239 2131 Super
1252 2047 1371 2132 quibus

211 2162 310 2244 peciit
330 2163 427 2246 Hugo
448 2162 572 2226 Walles
594 2163 846 2225 instrumentum
866 2160 995 2223 nomine
1017 2160 1103 2224 dicta
1130 2160 1258 2243 Georgii
1281 2160 1371 2225 Tait:

211 2272 296 2337 Acta
310 2279 347 2336 vt
362 2293 467 2354 supra,
482 2291 539 2354 per
553 2279 653 2336 testes
668 2270 908 2353 suprascriptos.

612 2543 660 2608 14.
681 2543 970 2609 Wannas-Tirr.

255 2716 378 2781 Eodem
404 2716 465 2794 dia,
484 2723 553 2793 111,
574 2717 673 2800 peciit
695 2717 792 2801 Hugo
815 2717 938 2781 Walles
958 2717 1218 2794 instrumentum,
1240 2718 1369 2783 nomine

212 2828 341 2912 Georgii
363 2829 444 2906 Tait,
459 2827 544 2911 quod
567 2828 687 2892 saisina
709 2830 749 2893 de
771 2828 863 2893 terris
880 2829 1072 2912 prescriptis,
1088 2850 1153 2892 non
1167 2829 1231 2893 luit
1245 2829 1369 2894 heredi·

212 2940 294 3004 taria
308 2940 371 3004 sibi
385 2939 547 3004 Felicitati
559 2946 592 3004 et
603 2940 670 3003 suis
685 2939 864 3017 heredibus,
876 2940 932 3004 sed
948 2940 1053 3004 solum
1068 2941 1102 3004 in
1117 2940 1250 3005 vitalem
1264 2940 1369 3005 reddi·

212 3057 293 3129 tum,
314 3071 371 3136 pro
394 3058 462 3115 toto
484 3058 626 3135 tempore
648 3051 716 3115 vite
739 3051 840 3135 ipsius
862 3051 1049 3129 Felicitatis,
1071 3052 1105 3115 in
1128 3053 1370 3118 contentacione

212 3184 270 3228 sue
292 3164 390 3229 tercie
412 3183 475 3245 que
497 3163 662 3246 continget
684 3183 763 3239 eam,
778 3162 818 3227 de
840 3163 932 3226 terris
954 3163 995 3226 de
1016 3163 1193 3241 Adumhill,
1214 3171 1370 3248 tanquam

213 3296 365 3361 sponsam
389 3275 492 3360 ipsius
518 3273 697 3339 Alexandri
722 3273 803 3349 Fait,
826 3280 859 3338 et
881 3273 941 3339 hoc
967 3274 1071 3338 solum
1094 3295 1171 3340 casu
1194 3296 1258 3359 quo
1283 3275 1370 3342 dicta

211 3387 363 3454 Felicitas
387 3386 587 3454 conhaheret
615 3384 855 3451 matrimonium
879 3406 954 3450 cum
978 3386 1048 3470 ipso
1073 3386 1267 3466 Alexandro,
1288 3388 1369 3454 alias

210 3517 283 3564 nom

705 3660 755 3724 15.
777 3658 875 3723 Txxr.

255 3830 377 3894 Eodem
392 3829 453 3905 die,
464 3834 532 3904 111,
544 3828 642 3912 peciit
656 3829 842 3894 Alexander
856 3832 929 3895 Tait
943 3832 983 3897 de
992 3833 1160 3896 Adamhill
1172 3833 1366 3898 instrumen-

210 3947 291 4018 tum,
306 3939 392 4023 quod
407 3939 542 4022 predicti
564 3939 683 4004 saisina
700 3946 733 4003 et
755 3947 866 4018 status,
882 3941 950 4005 dati
965 3943 1050 4008 dicte
1066 3943 1224 4008 Felicitati
1239 3943 1366 4027 virgini,

210 4053 246 4117 in
260 4051 393 4116 vitalem
408 4050 578 4128 redditum,
593 4070 650 4134 pro
673 4057 740 4114 toto
762 4058 905 4134 tempore
925 4054 991 4117 vite
1014 4055 1117 4138 ipsius
1131 4054 1316 4131 Felicitatis,
1330 4056 1365 4118 in

211 4163 462 4248 ussignacionem
485 4169 518 4227 et
539 4162 816 4226 contentacionem
831 4183 888 4225 sue
906 4165 1004 4229 tercie
1019 4173 1174 4230 terrarum
1189 4164 1229 4229 de
1244 4165 1365 4230 Adam-

211 4274 280 4351 hill,
294 4295 358 4358 que
380 4273 544 4358 continget
558 4281 595 4337 vt
617 4293 765 4358 sponsam
787 4272 965 4357 legitimam
983 4276 1085 4360 ipsius
1098 4275 1285 4355 Alexandri,
1300 4299 1366 4344 non

211 4386 283 4463 sibi,
298 4385 366 4451 suis
380 4384 559 4462 heredibus,
574 4392 631 4450 aut
652 4384 832 4461 hereditati,
847 4384 973 4451 cederat
996 4387 1031 4450 in
1052 4386 1273 4471 praiudicium,
1288 4411 1366 4457 casu
