2994 4936
726 405 933 456 Psoroconnn

592 616 662 680 582.
687 615 832 680 Moram
852 616 1063 680 Anoocnrns

292 785 422 851 Eisdem
448 808 506 871 per
530 789 655 853 omnia:
686 788 843 872 Magister
867 787 977 852 Dauid
998 787 1093 865 Dwn,
1117 796 1318 872 procurator
1340 790 1411 857 dieti

249 896 372 962 domini
394 899 517 977 Jacobi,
538 899 667 964 nornine
690 900 835 965 eiusdem
858 898 981 963 domini
1004 898 1128 976 Jaoobi,
1144 908 1411 983 protestatuser

250 1009 432 1088 solenniter,
444 1011 483 1074 de
494 1031 560 1075 non
570 1009 719 1075 intrando
733 1010 809 1075 lites
824 1031 930 1075 coram
944 1011 1040 1075 dictis
1054 1012 1189 1076 assertis
1205 1014 1409 1090 commannis,

249 1121 319 1185 viso
341 1121 428 1205 quod
449 1142 514 1184 non
536 1121 718 1185 habuerunt
740 1122 996 1187 commissionem
1017 1122 1053 1186 in
1074 1122 1207 1207 scriptis
1232 1124 1278 1189 ad
1301 1125 1407 1190 huius·

248 1232 336 1295 modi
359 1253 486 1297 oausam
501 1233 749 1310 terminandum,
763 1240 797 1297 et
819 1233 984 1316 negotium
1005 1233 1069 1298 fuit
1092 1232 1233 1298 arduum
1255 1244 1295 1300 et
1316 1236 1407 1302 bene·

248 1342 369 1421 fioiale;
391 1351 424 1406 et
437 1342 569 1424 peeiita
588 1343 684 1407 dictis
707 1344 898 1408 comissariis
920 1343 1044 1426 copiam
1067 1364 1125 1408 sue
1146 1345 1363 1425 comissionis,
1375 1352 1405 1412 et

247 1453 421 1515 terminum
450 1453 562 1536 prefigi
583 1453 669 1517 dicto
691 1475 749 1517 suo
772 1454 925 1519 clientulo
947 1455 988 1519 ad
1010 1455 1183 1519 dicendum
1214 1464 1331 1523 contra
1357 1478 1405 1523 co

248 1563 441 1641 missionem,
466 1563 579 1641 locum,
607 1572 640 1629 et
669 1565 827 1630 iudicem:
861 1566 965 1632 Periit
993 1567 1080 1631 idem
1109 1567 1267 1651 Magister
1298 1568 1403 1633 Dauid

249 1675 378 1739 nominc
393 1696 456 1760 quo
472 1696 568 1759 supra
583 1676 805 1742 instrumenta

638 1954 709 2017 583.
731 1953 1005 2018 Wnnrnmsronn.

291 2126 420 2191 Eisdem
435 2148 492 2210 per
506 2127 625 2191 omnia:
640 2126 730 2191 Dioti
746 2126 894 2208 Magistri
909 2125 1072 2191 Martinus
1083 2125 1171 2191 Reda
1186 2133 1220 2191 et
1234 2127 1401 2194 «lohannes

248 2237 397 2321 Sprewle,
412 2229 590 2302 comissarii'
601 2238 680 2302 dicti
694 2238 953 2302 reuerendissimi
968 2238 1070 2321 patris
1092 2238 1127 2301 in
1146 2238 1208 2303 hac
1222 2247 1324 2322 parte,
1339 2260 1402 2325 qno

246 2349 287 2411 ad
313 2350 486 2413 terminum
510 2351 609 2414 istum
635 2349 865 2426 tantummodo,
891 2355 925 2413 et
946 2349 1007 2413 hoc
1024 2370 1065 2413 ex
1088 2349 1222 2432 speciali
1248 2351 1401 2417 mandato

246 2458 326 2521 dicti
354 2460 612 2523 reuerendissimi
646 2461 755 2543 patris,
784 2461 860 2524 viue
896 2461 984 2524 vocis
1021 2459 1148 2525 oraculo
1184 2460 1333 2527 eiusdem
1361 2460 1401 2527 ad

245 2568 305 2630 hoe
320 2569 496 2645 constituti,
510 2577 547 2632 vt
568 2577 779 2646 asseruerunt,
794 2570 947 2635 habentos
970 2571 1068 2635 etiam
1087 2572 1122 2633 in
1140 2572 1305 2637 mandatis
1320 2579 1354 2639 at
1368 2574 1402 2637 in

245 2678 475 2753 commissione,
498 2684 533 2741 vt
559 2689 769 2758 asseruemnt,
790 2702 810 2744 a
835 2682 920 2744 dicto
945 2681 1218 2758 reuerendissimo,
1243 2683 1285 2747 ad
1311 2684 1402 2749 audi-

245 2789 364 2853 endum
383 2789 567 2853 huiusmodi
588 2797 695 2873 partes
714 2792 942 2856 contendentes
964 2793 1000 2855 in
1020 2793 1080 2856 hoc
1098 2793 1245 2871 termino,
1267 2802 1303 2859 et
1324 2796 1401 2861 alle·

243 2901 386 2985 gationes
409 2901 589 2977 earundem,
607 2909 640 2965 et
662 2901 702 2964 ad
728 2903 980 2966 continuandum
1007 2902 1192 2966 huiusmodi
1213 2904 1401 2972 citationem

245 3035 309 3096 quo
325 3014 364 3077 ad
381 3020 531 3078 contenta
545 3014 580 3076 in
595 3014 714 3089 eadem,
731 3014 765 3077 in
781 3019 868 3077 statu
883 3035 947 3096 quo
962 3035 1049 3078 nuno
1064 3021 1121 3091 est,
1138 3015 1207 3079 sine
1222 3017 1401 3098 preiudieio

245 3126 382 3190 alieuius
405 3127 513 3210 partis,
527 3148 629 3209 vsque
652 3127 692 3190 ad
713 3126 807 3189 hodie
832 3125 873 3188 ad
896 3146 1049 3202 mensem,
1065 3126 1126 3189 sub
1152 3146 1208 3209 spo
1232 3129 1402 3194 concordie

246 3238 352 3301 future
363 3238 593 3314 tantummodo,
603 3239 832 3301 continuarunt
842 3237 1027 3300 huiusmodi
1038 3237 1224 3301 citationem
1236 3258 1277 3302 ex
1287 3239 1402 3306 huius·

246 3349 332 3412 modi
347 3349 508 3426 mandato,
523 3349 557 3412 in
572 3350 733 3433 presentia
747 3348 891 3431 parcium
907 3349 941 3410 in
964 3354 1052 3411 statu
1067 3369 1131 3432 qno
1147 3369 1234 3413 nuno
1256 3358 1316 3429 est,
1331 3353 1402 3419 sine

246 3460 635 3543 prciudicioparciu1n‚et
650 3461 684 3523 in
700 3459 861 3543 presentia
881 3458 1177 3543 earunden1‚vsque
1192 3459 1232 3523 ad
1248 3460 1345 3528 hodie
1359 3465 1401 3528 ad

246 3591 397 3647 mensem,
412 3580 446 3635 et
459 3572 519 3636 hoe
535 3572 594 3635 sub
610 3592 666 3655 spe
684 3573 791 3636 future
812 3569 997 3635 concordio:
1020 3571 1123 3635 Peoiit
1142 3571 1228 3636 idem
1243 3573 1402 3660 Magister

246 3682 404 3744 Robertus
419 3681 650 3746 Walteristoun
665 3683 895 3747 instrumenta:
917 3682 1001 3746 Acta
1015 3689 1052 3746 vt
1067 3689 1100 3746 et
1114 3682 1169 3746 vbi
1184 3702 1287 3767 supra

585 3957 655 4019 584.
679 3955 1050 4033 normannicam.

287 4128 351 4193 Die
375 4127 554 4204 Dominiea,
580 4136 660 4191 xxv⁰
689 4127 809 4191 mensis
834 4128 927 4204 Julii,
952 4150 1037 4192 anno
1063 4129 1195 4193 Domini
1224 4128 1400 4196 millesimo

244 4240 500 4324 quingentesimo
522 4239 578 4322 xij,
600 4238 776 4303 indictione
793 4259 846 4315 xv,
861 4241 1065 4322 pontificatus
1086 4241 1171 4305 Julii
1186 4241 1229 4305 2ἀι
1250 4260 1336 4307 anno
1355 4244 1400 4319 ix,

244 4358 277 4416 et
291 4353 382 4435 regni
396 4351 520 4416 excelse
536 4351 657 4415 familie
672 4348 834 4432 principis,
850 4351 872 4413 J
874 4352 963 4415 acobi
984 4352 1090 4434 quarti
1111 4352 1280 4418 Scotorum
1302 4354 1400 4440 Regis
