2994 4936
237 437 276 498 12
711 451 918 501 morocomn

71 627 128 666 nn.
147 618 219 670 1499.
235 607 375 691 episcopi
406 608 623 691 Glasgnensis,
653 615 687 672 et
723 609 857 693 capituli
894 609 979 674 dicte
1009 609 1142 674 ecclesie
1173 609 1389 693 Glesguensis,

116 709 180 720 “
233 718 397 803 sigillmas,
420 722 622 784 continentes
645 721 679 784 in
703 742 736 786 se
759 722 1004 799 concessionem,
1027 721 1270 799 asscdaoionom,
1294 721 1388 785 etad

232 830 362 894 feodum
377 832 502 894 firmam
513 832 759 909 assedecionem,
771 833 939 896 cuiusdam
953 834 1029 898 rode
1045 834 1114 898 siue
1128 834 1283 916 perticate
1297 839 1388 908 terre,

228 942 365 1025 jacentis
388 963 484 1025 super
506 942 712 1020 Mah'ndinor,
734 965 774 1007 ex
797 951 886 1027 parte
908 944 1022 1008 boriali
1043 945 1108 1008 vici
1130 946 1290 1009 furcarum
1310 943 1388 1007 ville

232 1052 450 1137 Glasguensis,
465 1060 497 1116 et
521 1054 580 1117 hoc
603 1075 677 1118 cum
700 1076 856 1119 consensu
876 1055 1035 1119 dictorum
1050 1055 1287 1138 archiepiscopi,
1302 1053 1388 1138 oapi·

231 1163 302 1240 tuli,
314 1170 346 1227 et
361 1163 518 1246 capellani
533 1185 589 1247 pro
605 1173 747 1250 tempore
762 1165 848 1229 dicte
863 1165 993 1249 capelle,
1005 1166 1090 1229 dicto
1103 1165 1222 1229 Thome
1235 1165 1387 1228 Herbort

231 1294 308 1339 sone
323 1282 355 1338 et
371 1276 606 1340 successoribus
618 1277 692 1353 suis,
704 1296 760 1359 pro
772 1284 909 1360 quatuor
920 1276 1031 1340 solidis
1042 1284 1076 1340 et
1087 1277 1117 1358 vj
1133 1276 1271 1339 denariis
1284 1297 1385 1338 aunu-

230 1386 310 1449 atim
325 1386 496 1464 soluendis,
508 1408 566 1471 per
576 1387 699 1452 dictum
711 1388 865 1451 Thomam
876 1394 909 1451 et
920 1407 1116 1451 successores
1125 1406 1207 1462 suco,
1220 1385 1385 1468 capellano
1481 1466 1488 1475 .

230 1497 315 1561 dicte
331 1497 461 1581 capelle,
477 1499 535 1581 qui
556 1519 612 1581 pro
635 1506 778 1582 tempore
792 1499 898 1574 suerit,
913 1498 1048 1561 formam
1064 1497 1270 1561 instrumenti
1292 1496 1328 1559 in
1350 1516 1384 1560 se

230 1609 439 1686 continentes
454 1609 742 1692 subscriptionibus
757 1616 789 1673 et
812 1609 911 1693 signis
931 1607 1135 1672 manualibus
1154 1607 1384 1690 Magistromm

184 1768 189 1777 .
228 1720 417 1784 Archibaldi
440 1721 528 1804 Lsng
547 1728 580 1785 et
602 1720 712 1784 Dauid
734 1721 847 1797 Dwno,
862 1720 1053 1784 auctoritate
1068 1718 1252 1801 apostolica,
1267 1717 1387 1781 noteri-

229 1851 328 1907 onun,
351 1832 491 1916 signatas
512 1840 545 1897 et
571 1833 775 1917 subscriptas,
796 1853 861 1895 non
885 1852 982 1909 reses,
1005 1852 1069 1893 non
1095 1829 1296 1919 cancellatas,
1318 1850 1384 1892 non

228 1942 373 2019 abolitas,
382 1963 441 2007 nec
450 1944 593 2022 vitiatas,
603 1945 658 2010 sed
670 1945 759 2008 omni
768 1965 897 2028 prorsus
906 1944 990 2008 vicio
1001 1949 1034 2008 et
1043 1942 1222 2025 suspicione
1232 1947 1385 2017 carentes,

228 2054 327 2118 michi
342 2055 465 2118 notario
480 2056 609 2138 publico
621 2057 809 2139 subscripto,
821 2056 964 2130 tradidit,
974 2054 1190 2138 perlegendas
1203 2059 1236 2116 et
1250 2053 1286 2115 in
1299 2051 1383 2116 hana

227 2164 389 2247 publicam
411 2168 623 2248 transsumpti
637 2168 780 2241 formam,
795 2166 997 2248 redigendas:
1021 2166 1124 2248 Super
1146 2164 1263 2247 quibus
1284 2163 1384 2246 peciit

226 2275 332 2338 dictus
355 2275 492 2337 Thomas
512 2275 774 2351 instrumentum,
797 2283 855 2338 aut
881 2282 1152 2358 transsumptum:
1184 2275 1269 2339 Acta
1290 2281 1383 2339 erant

225 2384 292 2461 hec,
314 2385 400 2448 intra
421 2386 589 2450 ciuitatem
609 2385 849 2469 Glasguensem,
872 2393 940 2462 etc,
960 2386 1038 2450 hora
1060 2387 1153 2469 quasi
1175 2386 1282 2463 tercia,
1308 2392 1383 2469 post

225 2496 399 2573 meridiem,
428 2496 482 2561 vel
511 2498 649 2576 eocirca3
683 2499 894 2581 presentibus,
924 2499 1064 2582 dompno
1093 2498 1214 2562 Jacobo
1243 2497 1381 2574 Andree,

224 2608 386 2685 monacho,
402 2609 523 2672 ordinis
540 2609 769 2686 Cisterciensis,
784 2609 980 2673 Archibaldo
1003 2609 1227 2685 Herbertsone,
1250 2615 1284 2675 et
1297 2608 1380 2673 Wil-

223 2719 306 2784 elmo
322 2721 471 2798 Gibsone,
486 2722 632 2798 testibus,
648 2722 689 2785 ad
703 2722 858 2806 premissa
873 2721 994 2787 vocatis
1010 2730 1043 2786 et
1057 2722 1182 2806 rogatis.

680 2999 728 3061 18.
752 2998 927 3061 diuturna

264 3170 360 3234 Anno
370 3170 585 3247 Dominieto,
595 3171 800 3254 nonagesimo
810 3172 866 3247 in0,
876 3170 1051 3235 indictione
1063 3173 1104 3248 2⁸,
1113 3169 1378 3254 papeAlexendri

219 3303 302 3366 pape
324 3284 408 3348 sexti
430 3304 515 3347 anno
535 3284 604 3367 vij⁰‚
626 3281 775 3346 Rankino
797 3283 932 3358 Brouno,
948 3282 1077 3347 Andrea
1093 3284 1196 3359 Mure,
1211 3281 1376 3346 Willelmo

221 3393 324 3472 Mure,
347 3396 506 3481 Magistro
532 3395 641 3459 Dauid
663 3394 768 3472 Were,
790 3395 915 3458 Joannc
942 3394 1027 3471 Scot,
1048 3395 1175 3459 Joanne
1197 3392 1377 3469 Ambulde,

262 3727 359 3789 Anno
384 3726 526 3801 Domini,
549 3733 617 3803 eto,
640 3729 845 3811 nonagesimo
872 3729 928 3805 ix0,
951 3728 1003 3793 die
1030 3738 1112 3792 xxm·
1137 3729 1256 3792 mensis
1283 3728 1374 3804 Maii,

218 3836 394 3901 indictione
410 3838 456 3920 ij·‚
470 3837 676 3919 pontificatus
691 3858 773 3921 pope
784 3838 962 3903 Alexandri
978 3860 1060 3923 pape
1072 3842 1154 3904 sexti
1166 3861 1250 3904 enno
1260 3839 1330 3922 vij0,
1342 3848 1375 3904 et

218 3968 302 4013 auno
316 3949 406 4031 regni
421 3949 444 4011 J
445 3947 535 4013 acobi
550 3948 655 4031 quarti
672 3950 728 4031 xj0,
744 3949 939 4013 honorabilis
961 3952 1020 4027 vir,
1035 3952 1184 4016 dominus
1207 3952 1374 4016 Johannes

218 4061 428 4142 Symontoun,
457 4059 638 4142 prelocutor
673 4060 745 4122 Ade
782 4059 947 4136 Multrare,
976 4062 1012 4124 in
1048 4083 1144 4126 causa
1173 4072 1261 4127 mota
1289 4063 1376 4128 inter

217 4171 372 4234 Thomam
397 4171 561 4235 Jolmsone
587 4179 621 4235 et
646 4171 815 4235 Matheum
845 4170 999 4249 Rodmon,
1023 4173 1064 4236 ab
1093 4194 1164 4251 vna,
1190 4181 1224 4238 ct
1249 4175 1374 4239 dictum

217 4282 323 4346 Adam
345 4282 478 4361 Multra,
499 4302 598 4367 penes
624 4282 854 4347 arestecionem
880 4283 1047 4367 cujusdem
1076 4287 1169 4350 nanis
1196 4286 1373 4367 Britannis,

216 4393 375 4478 wlgeriter
396 4402 590 4478 nuncupate,
611 4394 642 4460 le
666 4395 771 4459 Maria
792 4393 904 4471 Belile,
926 4397 1072 4480 portibus
1094 4397 1134 4461 ab
1156 4397 1265 4475 altero,
1286 4418 1374 4465 com·
