2994 4936
247 404 312 468 458
725 414 931 464 rnorooonnn

84 597 139 635 no.
159 587 230 636 1512.
246 596 360 640 uorum
375 574 414 639 de
429 574 568 658 Glang,
583 573 768 638 huiusmodi
790 573 1036 657 resignationem
1050 579 1084 638 et
1098 593 1232 638 sursum
1246 574 1403 640 datiorm

126 679 192 690 “”
245 688 344 771 recipi
359 694 392 752 ot
415 686 543 751 admitti
567 685 759 769 petendum:
783 684 942 749 Saisinam
965 693 999 749 et
1022 690 1144 749 statum
1167 686 1403 763 heladitarium,

246 799 404 863 dictorum
419 819 597 862 annuorum
612 797 798 861 reddituum
812 817 869 880 per
884 796 987 861 dictos
1002 796 1140 861 belliucs
1156 817 1215 863 seu
1238 798 1403 873 balliunm,

245 910 382 975 discreto
396 910 466 973 viro
481 909 610 973 domino
626 908 761 991 Georgio
777 908 934 971 Cameron
944 908 1128 991 presbitem,
1139 909 1275 974 nomine
1286 908 1403 993 capelle

245 1020 286 1085 de
301 1020 454 1086 Welbant
468 1021 561 1084 beate
575 1019 719 1102 Virginis
734 1019 774 1082 de
790 1017 1001 1095 Oastelstaris,
1016 1025 1050 1082 et
1064 1018 1309 1102 capellanorum
1323 1021 1402 1084 eius

246 1131 328 1209 dem,
343 1139 376 1196 et
395 1153 460 1196 non
476 1131 564 1207 alias,
578 1131 697 1194 iterum
712 1136 745 1194 et
759 1129 799 1193 de
814 1150 899 1194 nouo
922 1130 1059 1194 conferri
1082 1136 1115 1194 et
1138 1130 1223 1194 tradi
1248 1131 1403 1195 instanter

245 1243 437 1326 petendum:
461 1243 681 1306 Instrumenta
704 1240 841 1323 desuper
864 1241 978 1305 confici
1001 1240 1195 1323 petendum:
1223 1241 1310 1306 Cum
1331 1261 1401 1306 cau·

246 1353 332 1417 tione
358 1353 397 1416 de
420 1359 489 1416 rato
513 1361 545 1416 et
568 1359 667 1435 grato,
682 1359 716 1415 et
735 1351 807 1416 aliis
830 1351 1015 1416 necessariis
1039 1351 1194 1416 clausulis
1208 1353 1246 1415 in
1260 1353 1402 1419 uberiore

245 1464 362 1527 forma:
386 1464 473 1540 Quos
488 1464 585 1527 etiam
601 1463 782 1546 capellanos
797 1470 966 1547 perpetuos
984 1462 1127 1527 eiusdem
1149 1470 1184 1527 et
1206 1484 1401 1529 successores

244 1595 318 1638 suos
334 1575 414 1638 inibi
429 1574 541 1637 diuina
555 1575 769 1639 celebrantes:
792 1575 898 1638 Simili
913 1574 1016 1651 modo,
1028 1574 1198 1638 constituit
1212 1595 1291 1639 suos
1306 1575 1402 1659 assig-

246 1693 347 1764 natos,
358 1687 394 1750 in
408 1693 442 1751 et
455 1687 496 1750 ad
511 1687 696 1751 huiusmodi
711 1707 856 1751 annuum
870 1685 1041 1763 redditum,
1053 1687 1121 1769 ipse
1136 1685 1290 1750 dominus
1306 1687 1402 1752 Alex·

246 1799 352 1876 ander,
367 1799 487 1863 habens
503 1806 623 1863 statum
638 1804 671 1863 et
686 1799 835 1863 saisinam
851 1798 1008 1861 dictorum
1024 1816 1205 1860 annuorum
1219 1797 1403 1862 reddituum

246 1911 308 1974 sibi
322 1932 359 1975 ac
374 1911 441 1974 suis
456 1910 625 1975 heredibus
641 1917 674 1974 et
689 1909 867 1992 assignatis,
882 1930 956 1973 oum
971 1907 1116 1972 clausula
1130 1916 1199 1972 rato
1214 1916 1250 1973 et
1262 1918 1362 1994 grato,
1372 1918 1404 1974 et

247 2023 358 2086 ceteris
373 2022 559 2086 necessariis
582 2022 616 2084 in
638 2020 780 2085 uberiore
803 2020 921 2083 forma:
944 2019 1047 2083 Peciit
1068 2018 1154 2082 idem
1176 2019 1285 2084 dictus
1305 2021 1402 2085 Alex·

228 2192 231 2194 ,
247 2133 345 2197 ander
359 2134 591 2197 instrumenta:
613 2133 697 2195 Acta
711 2137 748 2194 vt
763 2138 796 2194 at
810 2131 866 2194 vbi
881 2151 983 2213 supra.

611 2412 682 2474 596.
706 2411 849 2487 Pluma
865 2409 1040 2472 Wsnnmr.

290 2583 420 2646 Eisdem
435 2582 495 2657 die,
510 2602 628 2658 mense,
643 2602 736 2659 anno,
750 2583 837 2665 apud
852 2582 1034 2666 supradicta
1056 2586 1241 2645 tenementa
1261 2581 1405 2664 singilla-

245 2694 314 2770 tim,
324 2692 401 2756 hora
410 2692 494 2755 inter
503 2693 630 2755 tertiam
640 2699 673 2755 et
682 2699 829 2775 quartam
837 2701 910 2776 post
920 2694 1086 2758 meridiem
1095 2692 1148 2756 vel
1158 2693 1405 2773 circa;testibus

247 2810 282 2873 in
298 2808 416 2873 saisina
431 2807 530 2871 annui
546 2807 689 2871 redditus
710 2809 885 2872 tenementi
897 2809 919 2872 J
922 2809 1056 2872 ohannis
1069 2808 1191 2872 Salater
1206 2808 1294 2891 apud
1310 2807 1404 2872 Stok·

248 2922 328 2999 woll,
344 2920 508 3004 Magistris
531 2926 564 2984 et
586 2919 723 2982 dominis
746 2918 894 2982 Johanne
918 2920 1067 3002 Sprewle,
1087 2919 1238 2982 Johanno
1254 2920 1405 2996 M⁰Gour,

247 3033 439 3115 presbiteris,
477 3032 627 3095 Johanne
665 3031 831 3109 Coronam,
867 3031 1033 3094 Willelmo
1076 3032 1195 3107 Zardis,
1232 3031 1406 3105 semriente,

246 3144 395 3208 Jolranne
423 3144 553 3218 Solatur,
579 3143 702 3207 seniore
729 3149 762 3207 et
788 3142 929 3220 iuniore3
955 3149 988 3206 et
1014 3142 1099 3224 apud
1126 3142 1278 3205 saisinam
1305 3142 1406 3204 annui

247 3255 390 3318 redditus
406 3254 581 3318 tenementi
597 3254 758 3336 quondam
774 3254 882 3317 Dauid
899 3254 1062 3329 Petoarne,
1078 3253 1234 3336 Magistro
1253 3252 1276 3314 J
1277 3251 1405 3317 ohanne

246 3366 395 3448 Sprewle,
417 3366 582 3429 Willelrno
608 3366 727 3441 Zardis,
754 3365 921 3439 seruieutc,
949 3364 1142 3428 Arelribaldo
1169 3363 1347 3441 crawsunl,
1372 3369 1407 3429 et

245 3477 267 3540 J
270 3478 394 3541 ohanne
421 3477 504 3542 Jak:
534 3477 682 3540 Prolatus
706 3476 856 3539 dominus
883 3477 1038 3558 Georgius
1061 3476 1188 3551 Panter,
1211 3483 1406 3558 procurator,

245 3588 449 3670 corporaliter
471 3588 603 3651 accessit
629 3587 669 3650 ad
695 3588 819 3670 prolata
844 3594 1028 3650 tenemento
1054 3607 1204 3662 seorsum,
1228 3593 1261 3648 et
1284 3586 1405 3651 ibidem

245 3719 372 3761 sursum
388 3697 485 3773 dedit,
496 3719 639 3780 pureque
655 3698 843 3780 simpliciter
853 3698 1038 3781 resignarat,
1046 3697 1261 3780 procuratorio
1272 3697 1404 3761 nomine

245 3808 325 3873 dicti
350 3808 472 3871 domini
498 3809 685 3885 Alexandri,
706 3809 891 3872 huiusmodi
913 3830 1038 3872 annuos
1063 3808 1208 3872 redditus
1233 3808 1344 3873 decem
1371 3816 1405 3873 et

245 3921 356 3984 decom
371 3918 554 3995 solidorum,
569 3920 603 3981 in
618 3920 767 3983 manibus
790 3921 812 3983 J
814 3920 949 3983 ohannis
972 3920 1105 3995 Murrof,
1120 3918 1252 3984 alterius
1266 3919 1404 3983 balliuo-

245 4053 316 4095 rum
340 4031 379 4096 de
403 4031 540 4114 Glasgw,
564 4052 622 4113 por
644 4031 724 4114 hesp
748 4038 781 4095 et
805 4032 907 4114 staple
931 4033 1154 4096 traditionem:
1185 4032 1250 4108 Qui
1272 4030 1404 4113 quidem

246 4143 387 4207 balliuus
402 4143 520 4218 statim,
536 4141 576 4206 ad
596 4151 778 4225 requestam
793 4144 871 4207 dicti
894 4144 1116 4226 procuratoris,
1131 4143 1221 4207 dedit
1241 4143 1405 4220 saisinam,

247 4262 280 4318 et
301 4260 422 4318 statum
444 4254 681 4331 hereditarium,
703 4275 740 4318 ac
763 4253 957 4337 corporalem
979 4255 1222 4338 possessionem,
1244 4253 1405 4319 dictorum

247 4385 426 4429 annuorum
446 4364 631 4431 reddituum
653 4386 728 4430 cum
750 4365 962 4449 pertinentiis,
977 4367 1100 4450 prefato
1115 4366 1245 4430 domino
1265 4365 1404 4451 Georgia
