2994 4936
249 376 314 439 446
723 389 929 439 rnorocomr

87 577 144 616 uo.
163 565 235 615 1612.
249 547 434 612 huiusmodi
463 553 684 612 tenementum
706 547 791 612 dicte
813 546 1015 631 prebendarii
1037 547 1077 613 de
1098 547 1190 613 Auld
1215 549 1403 635 chburgb:

131 658 196 669 ““
250 663 358 726 Etiam
380 661 460 726 dicti
481 662 601 739 vicarii,
624 682 698 726 cum
724 682 881 727 consensu
908 661 987 726 dieti
1009 662 1153 745 capituli,
1174 672 1403 731 consenserunt

250 772 362 837 vnioni
377 779 410 837 et
424 772 673 856 incorporationi
687 793 724 836 ac
739 771 913 837 annexioni
927 772 1008 836 dicti
1022 773 1202 837 tenementi
1216 795 1294 838 cum
1310 775 1403 852 horto,

250 884 291 948 ad
312 883 508 968 prebendam
523 882 563 947 de
577 882 667 947 Auld
682 883 866 968 Roxburgh,
881 883 916 946 in
938 884 1084 968 proximo
1106 884 1253 968 capitulo
1267 885 1403 971 generali

250 993 423 1058 faciendis:
455 993 559 1057 Peciit
580 993 667 1057 idem
689 993 845 1077 Magister
866 994 1023 1078 Georgius
1045 995 1122 1072 Ker,
1143 1015 1202 1078 pro
1226 1016 1262 1060 se
1285 1005 1320 1063 et
1340 996 1402 1062 suis

251 1105 494 1182 successoribus,
505 1104 733 1169 instrumenta:
747 1105 832 1169 Acta
842 1112 879 1169 vt
894 1111 928 1170 et
937 1106 994 1169 vbi
1008 1126 1118 1190 supra;
1137 1106 1280 1172 testibus
1291 1109 1402 1193 quibus

251 1237 355 1300 surpra,
369 1221 503 1300 excepto
518 1215 604 1279 dicto
620 1215 774 1299 Magistro
790 1216 925 1300 Georgia
941 1216 1016 1281 Ker.

732 1492 803 1555 580.
827 1492 925 1556 Ome.

293 1663 356 1728 Die
379 1662 541 1739 Mercurii,
556 1683 599 1725 xv
614 1662 636 1727 J
638 1662 717 1740 unii,
731 1683 825 1740 anno,
840 1664 1022 1741 indictione,
1037 1664 1238 1748 pontificatu,
1253 1671 1288 1727 et
1302 1683 1401 1749 regno,

250 1776 368 1860 quibus
382 1775 566 1839 immediate
581 1795 685 1857 supra,
700 1775 785 1837 intra
799 1775 992 1839 cimiterium
1007 1774 1138 1839 ecclesie
1161 1774 1402 1859 metropolitane

250 1887 466 1972 Glasguensis,
492 1887 570 1950 hora
599 1906 725 1950 nouena
754 1892 829 1950 ante
859 1886 1034 1964 meridiem,
1063 1885 1117 1950 vel
1145 1886 1238 1963 circa,
1267 1886 1403 1951 testibus

250 1999 380 2065 Andrea
404 1999 583 2082 Pedegrew‚
609 1997 730 2060 Thomu
754 1996 925 2073 Kirkland,
950 1997 1112 2062 Macoimc
1142 1997 1233 2080 Crag,
1255 1997 1403 2062 Johanne

250 2111 402 2190 Bothoch,
433 2111 582 2175 Johanne
612 2109 688 2185 Ker‚
718 2108 859 2173 Jacobus
889 2109 1047 2185 Crounar,
1076 2108 1164 2185 alias,
1194 2115 1231 2172 vt
1261 2090 1404 2183 assentit,

249 2222 503 2305 compromissus,
518 2220 680 2284 mediante
703 2240 762 2283 suo
779 2219 967 2295 iuramento
981 2219 1016 2281 in
1032 2219 1054 2284 J
1055 2219 1215 2283 ohannem
1229 2219 1404 2295 Leithame,

133 2414 141 2427 ‘
248 2333 412 2396 Andream
427 2331 581 2409 Wilsone,
596 2331 618 2396 J
620 2331 777 2394 ohannem
792 2330 928 2408 Wilson,
943 2337 976 2394 et
998 2330 1202 2396 Willelmum
1223 2330 1405 2407 Andmscn,

248 2443 370 2506 iudices
391 2442 680 2524 compromissarios
702 2448 735 2505 et
758 2441 940 2506 amicabiles
956 2442 1189 2525 compositores,
1205 2442 1403 2506 coniunctim

248 2551 364 2615 electos
385 2552 471 2614 inter
484 2552 591 2632 ipsum
606 2552 773 2627 Jacobum,
789 2557 821 2616 et
837 2553 1008 2616 Mariotam
1024 2553 1113 2636 Crag,
1128 2573 1226 2636 penes
1247 2553 1402 2636 quasdem

247 2661 454 2727 comoditates
477 2667 509 2724 et
531 2660 670 2742 quedam
690 2663 875 2739 asiamenta,
890 2664 975 2726 intra
995 2664 1160 2728 amendam
1184 2664 1253 2728 siue
1277 2664 1403 2729 asseda-

246 2775 368 2837 tionem
389 2771 469 2836 dicti
484 2771 506 2836 J
508 2771 599 2835 acobi
612 2771 647 2834 in
662 2770 693 2835 le
710 2772 866 2848 Provand
882 2794 944 2855 que
961 2775 1072 2839 eadem
1087 2775 1228 2838 Mariota
1246 2774 1405 2840 clamabat

246 2886 309 2949 sibi
326 2884 493 2969 pertinere,
508 2904 548 2947 ex
568 2891 601 2947 et
625 2903 681 2966 pro
707 2903 744 2947 eo
771 2883 856 2966 quod
872 2884 999 2948 decreta
1021 2886 1085 2950 fuit
1104 2907 1161 2969 per
1182 2886 1342 2951 balliuum
1365 2888 1405 2952 de

246 2999 402 3075 Prcvand
428 3004 462 3063 et
490 2997 741 3061 rotulamentum
774 2995 861 3060 curie
895 3016 960 3072 sue,
989 2996 1113 3061 soluere
1142 2997 1313 3062 annuatim
1346 3020 1405 3083 pro

246 3110 431 3174 huiusmodi
460 3109 654 3184 nsiamentis,
684 3128 747 3191 que
777 3107 920 3172 nondum
954 3107 1095 3171 obtinuit
1127 3108 1309 3186 mandatuS,
1343 3110 1405 3174 sub

247 3223 354 3285 debito
378 3222 549 3285 iuramenti
564 3242 621 3303 per
643 3221 750 3303 ipsum
771 3220 907 3303 prestiti,
921 3239 978 3302 per
993 3218 1095 3281 dictos
1111 3218 1233 3283 iudices
1254 3219 1405 3286 sedentes

247 3334 287 3396 ad
310 3333 513 3397 tractandum
537 3340 570 3396 et
592 3331 805 3396 decidendum
827 3330 1011 3394 huiusmodi
1027 3331 1285 3410 controuersiam,
1299 3334 1405 3396 mani-

248 3446 362 3508 festare
384 3444 503 3508 eisdem
525 3443 711 3507 huiusmodi
732 3442 992 3518 rotulamentum,
1007 3463 1063 3524 pro
1084 3442 1312 3507 inforrnacione
1334 3445 1405 3508 ani·

247 3575 372 3616 morum
395 3575 533 3630 suorum,
549 3560 582 3617 et
604 3554 708 3617 imaro
724 3554 753 3616 si
768 3560 842 3616 actu
864 3553 979 3617 habuit
1000 3553 1186 3616 huiusmodi
1207 3553 1404 3620 rotulamen-

247 3671 327 3739 tum,
348 3662 402 3727 vel
427 3664 533 3739 habet,
553 3663 606 3727 vel
631 3670 755 3747 poterat
781 3663 905 3739 habere,
925 3664 977 3728 uel
1003 3684 1076 3739 non,
1095 3665 1255 3728 recusauit
1280 3665 1406 3732 iurare:

247 3774 351 3838 Peoiit
365 3772 476 3836 eadem
491 3773 630 3836 Mariota
645 3774 864 3839 instrumenta.

639 4047 709 4109 581.
734 4045 1008 4111 Wnnrsmsrouri.

290 4222 353 4286 Die
383 4217 525 4295 Veneris,
554 4217 631 4300 xxtp'
663 4217 765 4295 Junii,
794 4238 888 4295 anno,
921 4219 1105 4297 indictione,
1140 4229 1174 4287 et
1202 4223 1401 4306 pontificatu,

247 4334 365 4416 quibus
379 4330 564 4395 immediate
579 4349 684 4412 supra,
699 4329 733 4393 in
748 4327 818 4393 loco
834 4329 967 4413 capituli
982 4331 1199 4415 Glasguensis,
1214 4333 1292 4398 hora
1307 4335 1401 4418 quasi
