2994 4936
252 456 314 518 500
726 471 934 520 raorooonm

86 654 143 693 aa.
163 646 235 696 1513.
251 629 381 692 Roberti
396 628 483 706 Hall,
498 629 614 693 donate
630 628 837 706 Huchonson‚
852 637 885 693 et
907 627 1056 712 Magistri
1070 626 1233 692 Johannis
1256 626 1405 712 Hugonis,

131 737 197 747 “““
250 741 361 804 vicarii
376 741 416 803 de
432 742 620 817 Drumfreis‚
636 749 668 804 et
683 741 828 804 omnium
843 740 988 804 fidelium
1002 740 1235 804 defunctorum.

678 1016 748 1081 652.
772 1013 983 1081 Sauonrocu.

293 1186 355 1254 Die
386 1188 525 1266 Sabbati
548 1190 640 1272 xxiiij
664 1190 784 1253 mensis
814 1188 1019 1273 Septembris,
1041 1209 1126 1252 anno
1156 1186 1294 1252 Domini
1315 1187 1403 1271 quiu-

247 1301 425 1383 gentesimo
445 1280 519 1384 iiij,
545 1302 720 1365 indictione
743 1303 785 1378 2¹,
811 1301 1017 1384 pontificatus
1042 1299 1157 1364 Ieonis
1183 1320 1267 1383 pape
1294 1298 1404 1363 decimi

248 1431 332 1474 anno
347 1412 458 1494 primo,
473 1418 507 1474 et
521 1413 610 1494 regni
624 1413 648 1475 J
649 1413 739 1476 acobi
751 1412 858 1496 quinti
873 1431 957 1476 anno
972 1411 1083 1494 primo,
1098 1411 1134 1474 in
1148 1410 1287 1475 ecclesia
1301 1410 1404 1474 Sancti

248 1523 441 1604 Kantigerni
463 1529 554 1586 extra
575 1523 687 1587 Portas
714 1524 896 1599 Furcarum,
911 1523 988 1586 hora
1012 1524 1046 1586 2³
1067 1529 1141 1605 post
1166 1521 1337 1586 meridiem
1357 1520 1405 1584 rel

247 1634 338 1710 circa,
365 1633 504 1696 testibus
532 1634 675 1698 Waltero
704 1635 867 1711 Jameson,
889 1633 1039 1697 Johanue
1068 1632 1193 1710 Leiche,
1216 1641 1250 1697 et
1280 1633 1405 1696 Andrea

248 1746 354 1810 Reda:
376 1746 443 1829 Ego
467 1747 664 1810 Outhbertus
687 1746 835 1823 Simonis,
850 1747 1006 1830 presbiter
1027 1752 1060 1809 et
1083 1745 1228 1808 notarius
1249 1744 1405 1827 publicus,

246 1859 355 1940 vigore
378 1858 521 1922 mandati
544 1858 643 1921 michi
664 1858 742 1921 facti
764 1858 799 1920 in
821 1857 925 1921 literis
947 1855 1126 1920 collationis
1148 1855 1405 1920 reuerendissimi

246 1970 346 2052 patris
362 1970 384 2033 J
386 1970 475 2033 acobi
492 1970 700 2052 Glasguensis
716 1968 952 2051 archiepiscopi,
967 1967 1097 2030 domino
1111 1967 1135 2031 J
1136 1967 1258 2031 ohanni
1273 1967 1405 2050 Symon·

246 2089 334 2156 toun,
350 2100 445 2163 super
466 2081 643 2163 capellania
665 2081 749 2144 dicte
764 2080 905 2156 ecclesie,
921 2100 1024 2163 nuper
1037 2085 1171 2142 vacante
1194 2099 1254 2161 per
1274 2087 1406 2142 mortem

247 2191 387 2254 Dionisii
413 2191 575 2255 Achinlek
601 2192 709 2254 vltimi
734 2192 921 2274 possessoris
948 2190 1099 2268 eiusdem,
1126 2189 1290 2265 confectis,
1316 2197 1353 2252 vt
1373 2189 1406 2251 in

247 2304 367 2366 eisdem
403 2303 502 2366 michi
538 2324 595 2386 per
632 2303 824 2386 Magistrum
860 2302 1043 2366 iohannem
1080 2301 1167 2364 Reda
1204 2300 1406 2384 capellanum

247 2414 368 2496 capelle
384 2415 481 2497 Regio
497 2415 536 2477 de
552 2414 750 2477 Dundonald
766 2413 928 2488 exhibitis,
944 2412 1135 2489 continetur,
1149 2412 1267 2475 induxi
1283 2412 1405 2476 dictum

247 2524 414 2586 dominum
446 2525 468 2588 J
470 2525 628 2588 ohannem
652 2526 853 2607 Symontoun
883 2526 918 2587 in
948 2523 1144 2607 corporalem
1172 2524 1405 2606 possessionem

246 2634 331 2696 dicte
370 2634 546 2716 capellanie
584 2656 657 2698 cum
694 2636 907 2718 pertinentiis,
936 2657 993 2719 per
1022 2635 1229 2698 traditionem
1265 2635 1405 2699 olauium

247 2744 389 2821 ecclesie,
417 2745 545 2808 cordula
573 2766 735 2827 campane,
758 2746 842 2823 libri,
865 2746 980 2824 calicia,
1003 2754 1265 2811 ornamentorum
1288 2746 1405 2821 ultius,

247 2857 282 2918 in
297 2876 466 2938 personam
481 2856 560 2919 dicti
583 2856 733 2938 Magistri
751 2858 773 2921 J
775 2857 919 2934 ohannis,
935 2857 1147 2940 procuratoris
1162 2863 1195 2920 et
1217 2877 1255 2920 eo
1278 2858 1404 2920 nomina

246 2969 323 3032 dicti
348 2968 471 3031 domini
495 2969 517 3032 J
519 2968 663 3045 ohannis,
678 2969 825 3032 datorum
848 2976 880 3032 et
902 2969 1118 3031 exhibitorrun
1141 2967 1227 3031 dioto
1251 2967 1404 3052 Magistro

246 3081 390 3144 Jolranni
420 3087 629 3162 procuratore,
660 3081 695 3143 in
725 3081 853 3163 signum
885 3100 959 3144 vere
989 3087 1022 3143 et
1051 3079 1166 3162 adepte
1195 3081 1404 3162 possessionis

245 3191 439 3266 huiusmodi,
464 3212 513 3255 res
537 3192 683 3274 tangenti
708 3200 741 3255 et
766 3191 951 3274 recipienti:
981 3191 1084 3254 Peciit
1109 3190 1195 3254 idem
1221 3199 1404 3273 procurator

245 3304 374 3365 nornine
391 3303 440 3365 sui
457 3303 642 3386 principalis
658 3303 889 3366 instrumenta:
910 3303 995 3366 Acta
1009 3310 1046 3365 vt
1060 3322 1163 3385 supra

663 3579 733 3642 653.
759 3579 974 3651 Cunouuocn

284 3746 347 3810 Die
375 3749 473 3825 Luna,
489 3751 555 3832 xvij
581 3751 736 3826 Octobris,
752 3773 835 3814 anno
854 3751 1111 3834 quingentesimo
1133 3751 1202 3834 xiij,
1217 3751 1402 3827 indictione,

240 3859 437 3939 pontificatu,
460 3861 578 3942 quibus
602 3883 706 3945 supra,
729 3863 764 3925 in
788 3863 921 3926 ccclesia
952 3863 1152 3945 Glasguensi,
1175 3862 1252 3925 hora
1279 3863 1403 3928 decima

239 3975 314 4032 onte
330 3970 494 4033 meridiem
511 3971 563 4034 vel
580 3972 670 4048 circa,
687 3975 824 4036 testibus
849 3974 1004 4057 Magistro
1028 3975 1050 4038 J
1052 3974 1177 4037 ohanne
1194 3973 1402 4056 Cuiquhoun,

239 4081 361 4143 Thomu
386 4081 522 4158 Gaddas,
538 4090 571 4145 et
586 4082 751 4147 Willelmo
776 4085 895 4168 Hynd:
918 4085 1079 4148 Dominus
1095 4085 1282 4149 Willelmus
1307 4087 1403 4150 Gart-

237 4192 338 4269 schor,
354 4193 538 4276 capellanus
554 4202 728 4277 perpetuus
744 4197 920 4279 capellanie
932 4197 1041 4260 Sancti
1053 4197 1253 4280 Kentigerni,
1265 4197 1400 4262 fundato

236 4303 277 4365 ad
303 4304 403 4368 altare
427 4305 571 4368 ciusdem
597 4307 633 4368 in
660 4307 759 4370 Bassa
784 4309 928 4372 Ecclesia
953 4329 1010 4392 per
1031 4309 1199 4372 dominum
1221 4308 1401 4373 Patricium

236 4413 390 4478 Blacadcr
405 4415 542 4479 militem
558 4417 755 4495 defunctum,
770 4420 867 4483 cessit
889 4428 922 4483 et
936 4420 1061 4484 dimisit
1083 4419 1269 4484 huiusmodi
1290 4421 1398 4504 capel·
