2994 4936
725 385 931 434 morocoria
967 414 973 421 -

692 594 763 658 531.
788 593 960 657 Smsnnnn.

292 769 356 831 Die
387 767 526 844 Sabbati,
553 767 588 830 in
616 766 728 850 uigilia
757 767 993 842 Penthecostes,
1022 764 1092 842 viz,
1114 765 1160 849 vij
1192 766 1217 830 ,J
1219 764 1301 843 unii,
1325 784 1402 829 anno

249 880 504 964 quingentesimo
519 879 562 962 xj,
578 878 754 942 indictione
776 878 856 960 xiiij,
870 877 1075 962 pontificatus
1090 876 1114 941 J
1115 876 1177 940 ulii
1190 897 1279 941 anno
1295 875 1361 960 viij,
1373 882 1404 941 et

248 992 338 1074 regni
352 992 375 1055 J
376 992 466 1055 scobi
481 989 588 1073 quarti
599 1011 682 1053 anno
694 989 785 1072 xxiij,
796 1009 902 1053 coram
912 988 1148 1053 venerabilibus
1160 988 1241 1052 viris
1253 988 1404 1072 Magistro

248 1103 387 1166 Rcberto
415 1103 561 1176 Forman,
588 1101 716 1176 decano,
742 1107 775 1164 et
805 1100 944 1183 capitulo
971 1099 1172 1183 Glasguensi,
1194 1106 1272 1183 post
1293 1119 1403 1164 sonum

247 1234 400 1297 campane
415 1213 541 1296 pulsate
564 1214 598 1275 in
614 1211 755 1295 capitulo
777 1211 917 1294 generali
932 1210 1171 1274 Penthecostali
1187 1210 1404 1294 capitulariter

246 1324 451 1406 congregatis,
467 1329 500 1385 et
522 1322 701 1404 capitulum
717 1322 960 1386 Penthecostale
979 1321 1172 1385 facientibus
1195 1328 1229 1385 et
1243 1342 1404 1405 represen-

245 1434 403 1498 tantibus:
429 1433 631 1496 Venerabilis
647 1433 697 1495 vir
712 1433 868 1516 Magister
890 1433 1036 1497 Andreas
1052 1432 1217 1509 Sibbauld,
1233 1433 1403 1499 canonicus

246 1544 377 1610 ecclesie
393 1543 611 1626 Glasguensis,
626 1543 666 1606 de
688 1564 773 1607 nouo
794 1545 964 1608 institutus
979 1550 1013 1608 et
1027 1548 1161 1620 creatus,
1176 1564 1214 1607 ac
1228 1544 1403 1627 prebenda·

245 1657 312 1720 rius
327 1657 368 1720 de
384 1655 531 1719 Ranfrew
546 1655 581 1718 in
596 1654 716 1731 eadem,
727 1656 805 1718 fecit
821 1657 1004 1719 canonicam
1016 1655 1231 1719 obedientiam
1247 1656 1290 1720 ad
1303 1676 1404 1740 genus

245 1769 379 1853 positus,
394 1768 528 1832 intentis
550 1768 700 1831 manibus
715 1768 750 1830 in
765 1768 867 1831 forma
881 1767 1024 1850 capituli,
1040 1774 1073 1843 et
1086 1767 1231 1850 prestitit
1242 1768 1404 1850 juramen·

246 1889 317 1946 tum
332 1900 525 1945 concernens
540 1880 708 1943 canonicos
731 1878 864 1942 ecclesie
879 1878 1097 1962 Glasguensis,
1111 1877 1147 1941 in
1161 1878 1314 1943 manibus
1328 1878 1405 1945 dicti

245 1992 359 2057 decani
381 1999 414 2056 et
435 1991 577 2074 capituli,
593 1998 626 2054 et
641 1998 825 2073 assumptus
846 1990 945 2054 estin
960 1991 1152 2053 confratrem
1167 1996 1200 2054 et
1214 1991 1404 2056 canonicum

246 2105 390 2168 eiusdem
416 2103 567 2186 capituli:
596 2102 699 2166 Peciit
724 2102 810 2166 idem
837 2101 991 2165 Sibbauld
1018 2108 1052 2164 et
1077 2101 1217 2164 decanus
1242 2102 1404 2185 predictus

245 2216 473 2279 instrumenta:
488 2215 572 2277 Acta
587 2215 622 2276 in
636 2213 706 2276 loco
721 2212 898 2296 capitulari,
909 2213 987 2276 hera
998 2211 1123 2276 decima
1137 2219 1213 2276 ante
1228 2214 1404 2290 meridiem,

245 2326 299 2389 vel
322 2326 422 2403 circa;
444 2325 589 2400 testibus,
612 2325 776 2408 Magistris
800 2324 942 2387 Martino
965 2324 1062 2401 Rode,
1085 2323 1284 2401 cancellarie,
1306 2325 1404 2391 Alex·

246 2436 344 2498 andro
371 2434 482 2518 Inglis,
498 2436 702 2512 thesaurario,
719 2435 863 2499 Rolando
884 2435 1046 2510 Blacader,
1070 2435 1260 2512 subdecano,
1282 2436 1404 2501 Thema

246 2544 413 2620 Murhede,
429 2544 586 2607 Richardo
609 2546 776 2621 Bothuell,
792 2546 927 2629 Georgio
951 2547 1027 2624 Ker,
1042 2546 1199 2610 Nicholao
1221 2548 1404 2632 Greyulerr,

246 2655 408 2720 canonicis
424 2655 683 2737 Glasguensibus.

310 2930 381 2994 532.
405 2929 970 2995 Sunnsoauns-Govru-—Ensrru
993 2948 1164 2998 rxncuron
1186 2933 1341 3038 Fcasrrrn

290 3105 353 3168 Die
377 3104 539 3181 Mercurii,
554 3105 587 3186 xj
613 3104 635 3167 J
638 3102 714 3180 unii,
730 3125 822 3181 anno,
837 3105 1021 3183 indictione,
1036 3107 1234 3189 pontificatu,
1250 3114 1284 3172 et
1306 3109 1405 3192 regni,

246 3216 364 3298 quibus
394 3224 497 3280 retro:
528 3217 686 3279 Robertus
717 3217 862 3293 Forman,
892 3218 1040 3294 decanus
1063 3226 1096 3282 et
1125 3219 1222 3283 ceteri
1251 3221 1407 3298 canonici,

247 3328 425 3410 capitulum
446 3329 593 3411 generale
616 3335 648 3392 et
668 3329 911 3393 Penthecostalc
926 3330 1078 3393 facientes
1094 3338 1127 3394 et
1141 3339 1407 3413 representantes,

247 3444 319 3520 post
340 3461 454 3502 sonum
477 3460 639 3522 campane,
655 3448 722 3516 otc,
738 3441 957 3523 capitulariter
972 3443 1160 3525 congregati,
1176 3450 1407 3508 consenserunt

247 3554 280 3612 et
301 3559 505 3614 assenserunt
523 3551 724 3627 unanimiter,
744 3552 987 3615 fundationibus
1010 3560 1043 3617 et
1065 3554 1278 3618 erectionibus
1301 3555 1405 3640 capel·

247 3658 404 3721 laniarum
429 3661 653 3737 faciendarum,
675 3684 748 3725 cum
772 3664 958 3727 extensione
979 3670 1011 3727 et
1033 3664 1185 3728 clausulis
1210 3667 1407 3743 necessariis,

246 3790 303 3852 per
329 3770 521 3852 Magistrum
541 3772 723 3836 Rolandurn
747 3774 900 3838 Blacader
925 3775 960 3837 in
984 3776 1117 3839 ecclesia
1141 3777 1342 3860 Glasguensi,
1364 3778 1405 3842 ad

247 3880 346 3944 altare
362 3882 472 3944 Sancti
487 3883 518 3944 N
520 3882 635 3945 icholai
648 3885 681 3946 iu
697 3886 856 3968 superiore
872 3886 1012 3963 ecclesia,
1025 3888 1059 3949 in
1071 3888 1322 3952 deambulatorio
1335 3891 1405 3955 siue

247 3991 324 4054 naui
348 3991 498 4068 ciusdem,
519 3993 614 4074 juxta
644 3995 777 4058 formam
800 4005 832 4060 et
855 4005 997 4061 tenorem
1017 3999 1183 4062 cuiusdam
1204 4000 1314 4082 scripti
1337 4002 1405 4066 illic

247 4103 400 4186 producti,
427 4111 569 4167 tenorem
596 4106 665 4169 siue
695 4109 930 4172 monimentum
960 4110 1045 4175 dicte
1076 4112 1274 4176 fundationis
1304 4113 1340 4176 in
1370 4135 1404 4179 se

247 4216 449 4292 continentis,
477 4216 672 4280 extendendi
696 4218 729 4280 in
754 4219 896 4284 uberiore
919 4222 1036 4302 forma3
1066 4229 1099 4287 et
1127 4244 1184 4307 per
1210 4224 1404 4308 Magistrum

246 4327 400 4392 Thomam
424 4328 590 4405 Murhede,
606 4329 849 4412 prebendarium
872 4331 911 4396 dc
935 4333 1057 4411 Govan,
1079 4335 1114 4398 in
1136 4335 1269 4401 ecclesia
1292 4336 1403 4402 Sancti
