2994 4936
86 629 142 666 an.
162 619 233 668 1511.

98 712 223 800 soffia.

249 431 315 493 404
727 445 934 494 raoroconm

602 656 673 718 525.
697 654 1053 718 Srawaan-Muaaar.

293 826 357 891 Die
380 826 519 905 Sabbati,
535 827 600 911 xvij
619 828 709 905 Maii,
725 847 818 906 anno,
832 827 1017 903 indictione,
1039 824 1239 910 pontificatu,
1256 832 1291 890 et
1312 826 1409 911 regni,

250 939 368 1022 quibus
396 940 581 1004 immediate
611 960 714 1023 supra,
744 941 779 1002 in
813 939 947 1003 ecclesia
976 938 1175 1022 Glasguensi,
1204 945 1288 1002 hora
1317 939 1409 1023 quasi

249 1071 375 1115 noucna
404 1059 478 1116 autc
508 1052 674 1116 meridiem
704 1051 757 1115 vel
787 1052 877 1127 circa,
903 1051 1041 1115 testibus
1067 1050 1230 1133 Magistris
1258 1051 1407 1115 Johanne

250 1161 398 1244 Sprewlc,
422 1164 571 1227 Johanne
597 1163 693 1239 Rode,
718 1162 882 1246 capellano
912 1162 952 1226 (11
981 1161 1187 1238 Dundonald‚
1213 1163 1409 1246 presbiteris,

250 1271 405 1336 Nicholao
431 1274 525 1336 Fram
551 1280 584 1337 et
610 1274 748 1337 Patricio
775 1272 1407 1348 5111111111,111111111111111111Ἑ11111111

347 1383 386 1446 dc
402 1383 630 1459 Franchcland‚
644 1384 743 1466 peciit
758 1383 925 1446 humiliter
939 1382 1172 1447 absolutionem
1187 1383 1229 1446 ad
1244 1384 1405 1448 cautelam

250 1494 427 1556 aceusuris
457 1500 489 1556 et
519 1494 856 1570 excommunicatione,
886 1515 966 1576 quas
1000 1494 1183 1558 incurrebat
1211 1515 1268 1577 per
1297 1494 1406 1559 literas

250 1604 508 1688 compulsoriales
529 1604 720 1668 venerabilis
742 1606 804 1667 viri
827 1606 871 1668 M.
889 1605 1023 1668 Martini
1042 1605 1137 1681 aede,
1153 1605 1300 1670 officialis
1316 1606 1408 1670 Glos-

249 1717 378 1800 gueusis
404 1723 437 1780 et
459 1717 713 1781 comissariorum
736 1717 887 1793 ciusdem,
909 1716 1033 1781 leuatas
1059 1738 1154 1800 super
1176 1717 1318 1800 quadam
1339 1739 1409 1783 sen·

250 1829 352 1892 tentia
380 1828 447 1892 lata
476 1850 533 1912 pro
563 1828 692 1892 domino
722 1829 828 1891 Adam
858 1828 990 1921 Murref,
1020 1828 1131 1905 milite,
1161 1837 1271 1893 contra
1301 1830 1409 1914 ipsum

251 1941 436 2018 Robertum‚
451 1962 470 2004 a
484 1941 607 2025 prefato
622 1941 752 2004 domino
775 1926 922 2018 officiali;
945 1960 1043 2022 quarn
1064 1939 1301 2004 absolutionem
1323 1942 1409 2006 idem

251 2052 399 2115 dominus
410 2051 554 2115 officialis
569 2052 631 2114 sibi
646 2051 810 2126 concessit,
826 2071 862 2113 ac
878 2050 1016 2113 eundem
1031 2050 1071 2114 de
1086 2070 1244 2113 consensu
1258 2050 1410 2134 Magistri

251 2162 376 2226 Mathei
392 2162 543 2238 Steward,
557 2163 769 2246 procuratoris
784 2161 862 2224 dicti
877 2161 998 2223 domini
1008 2161 1088 2237 Ade,
1104 2161 1144 2223 ad
1159 2161 1192 2224 id
1208 2163 1411 2227 consentien-

250 2274 302 2350 tis,
317 2282 391 2338 actu
407 2274 546 2338 absoluit
561 2274 601 2337 ad
624 2274 791 2349 cautelam,
806 2294 907 2356 vsque
929 2273 970 2336 ad
990 2273 1106 2336 festum
1125 2272 1233 2336 Sancti
1249 2274 1272 2337 J
1273 2273 1412 2340 ohannis

250 2385 396 2467 Baptista
419 2386 564 2467 proxime
590 2385 737 2447 futurum
760 2384 928 2459 inclusiue,
951 2393 983 2446 et
1007 2404 1081 2446 cum
1106 2384 1341 2451 reincidencia:
1367 2387 1411 2452 Et

250 2496 454 2559 renunciauit
465 2497 551 2559 idem
566 2496 731 2571 Robcrtus,
747 2517 852 2559 coram
868 2496 953 2558 dicto
969 2495 1098 2558 domino
1114 2494 1249 2572 officiali,
1265 2497 1411 2580 appella·

251 2606 332 2669 tioni
348 2604 426 2667 alias
441 2607 617 2688 peripsum
633 2606 799 2670 interiecta
818 2614 928 2669 contra
949 2606 1134 2668 huiusmodi
1157 2608 1353 2672 sententiam
1369 2610 1411 2675 ad

250 2716 357 2780 sedem
372 2716 588 2799 apostolicam,
604 2723 636 2779 ct
658 2716 792 2798 singulis
815 2717 890 2779 inde
912 2718 1029 2779 secutis
1050 2726 1083 2781 ct
1105 2719 1281 2783 secuturis:
1304 2720 1412 2786 Peciit

250 2827 336 2892 idem
351 2834 541 2912 procurator,
557 2827 686 2890 nomine
702 2826 778 2890 dicti
795 2826 917 2889 domini
933 2828 1013 2904 Ado,
1025 2829 1250 2893 instrumenta:
1271 2831 1358 2896 Acta
1372 2841 1411 2897 vt

250 2960 352 3025 supra

333 3105 404 3169 526.
428 3105 678 3169 circumimus
702 3104 803 3180 Rana,
826 3103 992 3166 Biannos
1015 3119 1058 3165 1111
1081 3104 1321 3169 0111111111).

291 3279 355 3342 Die
380 3277 504 3354 Martis,
527 3299 572 3341 xx
598 3277 688 3354 Maii,
711 3298 803 3353 anuo,
822 3276 1005 3351 indictione,
1030 3276 1226 3359 pontificatu,
1253 3282 1286 3341 et
1307 3280 1409 3362 regni,

249 3390 366 3472 quibus
377 3389 561 3453 immediate
577 3409 681 3471 supra,
693 3388 728 3450 in
743 3388 839 3471 plana
855 3387 941 3450 curia
957 3387 1089 3462 sensata,
1098 3394 1187 3451 tenta
1203 3409 1298 3471 super
1312 3391 1408 3454 terris

248 3500 288 3564 de
303 3500 493 3577 Ballioland,
504 3500 589 3563 intra
603 3499 734 3562 balliam
749 3499 788 3562 dc
804 3498 987 3580 Coniglram
1000 3503 1032 3561 ct
1047 3499 1131 3561 intra
1146 3500 1407 3566 vicecomitatum

247 3611 287 3674 de
310 3611 405 3693 Ayrc,
429 3619 462 3675 et
483 3611 679 3695 parrochiam
703 3610 742 3674 de
768 3610 886 3692 Largis,
911 3630 969 3692 per
998 3610 1177 3673 Martinam
1207 3611 1304 3687 Rode,
1331 3634 1407 3678 can-

248 3721 412 3784 cellarium
428 3729 460 3784 ct
474 3722 632 3785 balliuum
648 3723 688 3786 de
704 3721 923 3797 Chanonland
939 3743 979 3784 ex
1001 3722 1152 3786 mandato
1174 3723 1252 3786 dicti
1270 3724 1405 3789 Martini

246 3830 369 3907 balliui,
392 3853 449 3914 ego
472 3832 668 3895 Cutlrbcrtus
690 3832 837 3907 Simonis,
857 3833 999 3895 notarius
1022 3853 1058 3896 ac
1081 3834 1184 3896 scriba
1207 3835 1349 3917 capituli,
1371 3844 1407 3901 et

246 3963 352 4006 coram
382 3942 467 4006 dicto
496 3942 616 4005 balliuo
646 3943 680 4004 in
709 3942 894 4005 huiusmodi
924 3944 1011 4006 curia
1041 3945 1152 4020 scriba,
1177 3946 1342 4028 publicani
1372 3956 1406 4013 et

245 4055 365 4139 perlegi
395 4054 556 4136 quandam
585 4054 815 4136 protectionem
836 4054 965 4137 regiam,
988 4055 1048 4118 sub
1078 4056 1183 4138 sigillo
1213 4056 1348 4139 priuato,
1371 4066 1405 4123 et

245 4168 344 4231 rubea
358 4187 436 4242 cera,
447 4170 628 4228 emanatam
644 4170 676 4227 et
691 4154 868 4240 executum,
881 4185 1062 4229 concessam
1078 4167 1198 4230 decano
1214 4174 1246 4230 et
1262 4169 1403 4250 capitulo

244 4277 503 4363 Glasgucnsibus,
516 4295 610 4357 super
624 4274 716 4338 terris
731 4281 764 4338 et
779 4275 920 4339 ecclesiis
936 4277 1011 4353 suis,
1020 4278 1089 4353 via,
1105 4277 1270 4361 Twirgyle‚
1283 4279 1402 4344 Ballio·

243 4388 328 4465 land,
343 4390 398 4452 the
420 4389 531 4452 Forcst
554 4385 647 4470 Syde,
662 4385 718 4451 tlrc
735 4385 935 4464 Hullirhede,
950 4386 1005 4451 the
1022 4388 1182 4472 Campole,
1197 4395 1231 4453 et
1245 4388 1397 4467 ecclesiis,
