<?xml version="1.0" encoding="UTF-8"?>
<!DOCTYPE html PUBLIC "-//W3C//DTD XHTML 1.0 Transitional//EN"
    "http://www.w3.org/TR/xhtml1/DTD/xhtml1-transitional.dtd">
<html xmlns="http://www.w3.org/1999/xhtml" xml:lang="en" lang="en">
 <head>
  <title>
</title>
<meta http-equiv="Content-Type" content="text/html;charset=utf-8" />
  <meta name='ocr-system' content='tesseract 3.04.00' />
  <meta name='ocr-capabilities' content='ocr_page ocr_carea ocr_par ocr_line ocrx_word'/>
</head>
<body>
  <div class='ocr_page' id='page_1' title='image "./liberprotocollo00rogegoog/liberprotocollo00rogegoog_0077.png"; bbox 0 0 2994 4936; ppageno 0'>
   <div class='ocr_carea' id='block_1_1' title="bbox 220 419 898 481">
    <p class='ocr_par' dir='ltr' id='par_1_1' title="bbox 220 419 898 481">
     <span class='ocr_line' id='line_1_1' title="bbox 220 419 898 481; baseline -0.01 0"><span class='ocrx_word' id='word_1_1' title='bbox 220 419 261 481; x_wconf 88' lang='grc'>68</span> <span class='ocrx_word' id='word_1_2' title='bbox 692 428 898 477; x_wconf 80' lang='lat' dir='ltr'>rsorooonm</span> 
     </span>
    </p>
   </div>
   <div class='ocr_carea' id='block_1_2' title="bbox 56 556 1372 768">
    <p class='ocr_par' dir='ltr' id='par_1_2' title="bbox 56 556 1372 768">
     <span class='ocr_line' id='line_1_2' title="bbox 56 556 1372 672; baseline -0.005 -19"><span class='ocrx_word' id='word_1_3' title='bbox 56 616 114 654; x_wconf 71' lang='lat' dir='ltr'>no.</span> <span class='ocrx_word' id='word_1_4' title='bbox 131 605 203 654; x_wconf 81' lang='lat'>1504.</span> <span class='ocrx_word' id='word_1_5' title='bbox 219 590 367 654; x_wconf 82' lang='lat' dir='ltr'>Eduardo</span> <span class='ocrx_word' id='word_1_6' title='bbox 391 591 516 672; x_wconf 83' lang='lat' dir='ltr'>legate,</span> <span class='ocrx_word' id='word_1_7' title='bbox 532 587 707 652; x_wconf 82' lang='lat' dir='ltr'>Outhberto</span> <span class='ocrx_word' id='word_1_8' title='bbox 729 556 866 663; x_wconf 75' lang='lat' dir='ltr'>Revoch,</span> <span class='ocrx_word' id='word_1_9' title='bbox 882 585 1047 649; x_wconf 92' lang='lat' dir='ltr'>Willelmo</span> <span class='ocrx_word' id='word_1_10' title='bbox 1069 583 1205 661; x_wconf 85' lang='lat' dir='ltr'>Gilmur,</span> <span class='ocrx_word' id='word_1_11' title='bbox 1227 583 1372 647; x_wconf 89' lang='lat' dir='ltr'>Martino</span> 
     </span>
     <span class='ocr_line' id='line_1_3' title="bbox 97 694 698 768; baseline -0.008 1"><span class='ocrx_word' id='word_1_12' title='bbox 97 694 163 703; x_wconf 72' lang='lat'><strong>—</strong></span> <span class='ocrx_word' id='word_1_13' title='bbox 221 701 368 768; x_wconf 86' lang='lat' dir='ltr'>Oalduell</span> <span class='ocrx_word' id='word_1_14' title='bbox 383 708 416 766; x_wconf 90' lang='lat' dir='ltr'>et</span> <span class='ocrx_word' id='word_1_15' title='bbox 430 700 553 764; x_wconf 79' lang='lat' dir='ltr'>Thomu</span> <span class='ocrx_word' id='word_1_16' title='bbox 567 699 698 764; x_wconf 87' lang='lat' dir='ltr'>Michel</span> 
     </span>
    </p>
   </div>
   <div class='ocr_carea' id='block_1_3' title="bbox 664 974 934 1036">
    <p class='ocr_par' dir='ltr' id='par_1_3' title="bbox 664 974 934 1036">
     <span class='ocr_line' id='line_1_4' title="bbox 664 974 934 1036; baseline -0.007 0"><span class='ocrx_word' id='word_1_17' title='bbox 664 975 713 1036; x_wconf 84' lang='lat'>86.</span> <span class='ocrx_word' id='word_1_18' title='bbox 737 974 934 1036; x_wconf 78' lang='lat' dir='ltr'>Fnraruros.</span> 
     </span>
    </p>
   </div>
   <div class='ocr_carea' id='block_1_4' title="bbox 215 1143 1372 2562">
    <p class='ocr_par' dir='ltr' id='par_1_4' title="bbox 215 1143 1372 2562">
     <span class='ocr_line' id='line_1_5' title="bbox 261 1143 1372 1229; baseline -0.002 -19"><span class='ocrx_word' id='word_1_19' title='bbox 261 1149 366 1224; x_wconf 90' lang='lat' dir='ltr'>Anno,</span> <span class='ocrx_word' id='word_1_20' title='bbox 393 1148 454 1224; x_wconf 90' lang='lat' dir='ltr'>die,</span> <span class='ocrx_word' id='word_1_21' title='bbox 480 1167 599 1223; x_wconf 89' lang='lat' dir='ltr'>mense,</span> <span class='ocrx_word' id='word_1_22' title='bbox 624 1146 808 1222; x_wconf 81' lang='lat' dir='ltr'>indictione,</span> <span class='ocrx_word' id='word_1_23' title='bbox 833 1145 1031 1229; x_wconf 87' lang='lat' dir='ltr'>pontificatu,</span> <span class='ocrx_word' id='word_1_24' title='bbox 1060 1150 1094 1207; x_wconf 92' lang='lat' dir='ltr'>et</span> <span class='ocrx_word' id='word_1_25' title='bbox 1122 1163 1226 1226; x_wconf 85' lang='lat' dir='ltr'>regno,</span> <span class='ocrx_word' id='word_1_26' title='bbox 1252 1143 1372 1226; x_wconf 89' lang='lat' dir='ltr'>quibus</span> 
     </span>
     <span class='ocr_line' id='line_1_6' title="bbox 217 1254 1372 1342; baseline -0.003 -20"><span class='ocrx_word' id='word_1_27' title='bbox 217 1279 322 1342; x_wconf 91' lang='lat' dir='ltr'>supra,</span> <span class='ocrx_word' id='word_1_28' title='bbox 349 1260 446 1322; x_wconf 87' lang='lat' dir='ltr'>frater</span> <span class='ocrx_word' id='word_1_29' title='bbox 467 1258 652 1322; x_wconf 90' lang='lat' dir='ltr'>Willelmus</span> <span class='ocrx_word' id='word_1_30' title='bbox 676 1258 863 1334; x_wconf 87' lang='lat' dir='ltr'>Howstoun,</span> <span class='ocrx_word' id='word_1_31' title='bbox 885 1255 1032 1319; x_wconf 75' lang='lat' dir='ltr'>minister</span> <span class='ocrx_word' id='word_1_32' title='bbox 1061 1254 1250 1332; x_wconf 89' lang='lat' dir='ltr'>antedictus,</span> <span class='ocrx_word' id='word_1_33' title='bbox 1272 1255 1372 1339; x_wconf 89' lang='lat' dir='ltr'>peciit</span> 
     </span>
     <span class='ocr_line' id='line_1_7' title="bbox 216 1366 1371 1451; baseline -0.002 -19"><span class='ocrx_word' id='word_1_34' title='bbox 216 1370 468 1434; x_wconf 80' lang='lat' dir='ltr'>instrumentum</span> <span class='ocrx_word' id='word_1_35' title='bbox 490 1389 510 1432; x_wconf 86' lang='lat' dir='ltr'>a</span> <span class='ocrx_word' id='word_1_36' title='bbox 531 1390 582 1433; x_wconf 90' lang='lat' dir='ltr'>me</span> <span class='ocrx_word' id='word_1_37' title='bbox 606 1369 736 1445; x_wconf 90' lang='lat' dir='ltr'>notario,</span> <span class='ocrx_word' id='word_1_38' title='bbox 752 1368 839 1451; x_wconf 94' lang='lat' dir='ltr'>quod</span> <span class='ocrx_word' id='word_1_39' title='bbox 860 1367 947 1431; x_wconf 85' lang='lat' dir='ltr'>dicta</span> <span class='ocrx_word' id='word_1_40' title='bbox 968 1366 1143 1450; x_wconf 83' lang='lat' dir='ltr'>resignacio</span> <span class='ocrx_word' id='word_1_41' title='bbox 1158 1366 1222 1430; x_wconf 88' lang='lat' dir='ltr'>fuit</span> <span class='ocrx_word' id='word_1_42' title='bbox 1236 1367 1321 1431; x_wconf 86' lang='lat' dir='ltr'>facta</span> <span class='ocrx_word' id='word_1_43' title='bbox 1335 1367 1371 1430; x_wconf 93' lang='lat' dir='ltr'>in</span> 
     </span>
     <span class='ocr_line' id='line_1_8' title="bbox 216 1477 1371 1563; baseline -0.001 -19"><span class='ocrx_word' id='word_1_44' title='bbox 216 1481 365 1544; x_wconf 85' lang='lat' dir='ltr'>manibus</span> <span class='ocrx_word' id='word_1_45' title='bbox 381 1480 456 1557; x_wconf 90' lang='lat' dir='ltr'>suis,</span> <span class='ocrx_word' id='word_1_46' title='bbox 472 1488 627 1563; x_wconf 78' lang='lat' dir='ltr'>tanquam</span> <span class='ocrx_word' id='word_1_47' title='bbox 649 1481 685 1543; x_wconf 95' lang='lat' dir='ltr'>in</span> <span class='ocrx_word' id='word_1_48' title='bbox 706 1480 856 1543; x_wconf 89' lang='lat' dir='ltr'>manibus</span> <span class='ocrx_word' id='word_1_49' title='bbox 877 1479 990 1542; x_wconf 79' lang='lat' dir='ltr'>vicarii</span> <span class='ocrx_word' id='word_1_50' title='bbox 1005 1485 1038 1542; x_wconf 92' lang='lat' dir='ltr'>et</span> <span class='ocrx_word' id='word_1_51' title='bbox 1052 1477 1181 1542; x_wconf 88' lang='lat' dir='ltr'>rectoris</span> <span class='ocrx_word' id='word_1_52' title='bbox 1197 1477 1237 1542; x_wconf 92' lang='lat' dir='ltr'>de</span> <span class='ocrx_word' id='word_1_53' title='bbox 1252 1478 1371 1543; x_wconf 89' lang='lat' dir='ltr'>Beme-</span> 
     </span>
     <span class='ocr_line' id='line_1_9' title="bbox 216 1589 1371 1675; baseline -0.002 -21"><span class='ocrx_word' id='word_1_54' title='bbox 216 1591 310 1668; x_wconf 88' lang='lat' dir='ltr'>weill,</span> <span class='ocrx_word' id='word_1_55' title='bbox 332 1598 512 1675; x_wconf 90' lang='lat' dir='ltr'>protestans</span> <span class='ocrx_word' id='word_1_56' title='bbox 534 1592 622 1674; x_wconf 88' lang='lat' dir='ltr'>quod</span> <span class='ocrx_word' id='word_1_57' title='bbox 643 1591 671 1655; x_wconf 90' lang='lat' dir='ltr'>si</span> <span class='ocrx_word' id='word_1_58' title='bbox 694 1590 835 1674; x_wconf 80' lang='lat' dir='ltr'>aliquem</span> <span class='ocrx_word' id='word_1_59' title='bbox 857 1591 1039 1653; x_wconf 88' lang='lat' dir='ltr'>infuturum</span> <span class='ocrx_word' id='word_1_60' title='bbox 1061 1590 1259 1674; x_wconf 80' lang='lat' dir='ltr'>contingeret</span> <span class='ocrx_word' id='word_1_61' title='bbox 1272 1589 1371 1673; x_wconf 86' lang='lat' dir='ltr'>resig-</span> 
     </span>
     <span class='ocr_line' id='line_1_10' title="bbox 216 1700 1369 1783; baseline -0.001 -18"><span class='ocrx_word' id='word_1_62' title='bbox 216 1703 384 1767; x_wconf 90' lang='lat' dir='ltr'>naciouem</span> <span class='ocrx_word' id='word_1_63' title='bbox 399 1704 478 1767; x_wconf 91' lang='lat' dir='ltr'>dicti</span> <span class='ocrx_word' id='word_1_64' title='bbox 500 1703 668 1767; x_wconf 84' lang='lat' dir='ltr'>clericatus</span> <span class='ocrx_word' id='word_1_65' title='bbox 683 1703 760 1779; x_wconf 91' lang='lat' dir='ltr'>fieri,</span> <span class='ocrx_word' id='word_1_66' title='bbox 775 1703 810 1764; x_wconf 92' lang='lat' dir='ltr'>in</span> <span class='ocrx_word' id='word_1_67' title='bbox 826 1701 975 1765; x_wconf 91' lang='lat' dir='ltr'>manibus</span> <span class='ocrx_word' id='word_1_68' title='bbox 990 1701 1210 1783; x_wconf 88' lang='lat' dir='ltr'>cuiuscunque</span> <span class='ocrx_word' id='word_1_69' title='bbox 1228 1700 1369 1778; x_wconf 86' lang='lat' dir='ltr'>alterius,</span> 
     </span>
     <span class='ocr_line' id='line_1_11' title="bbox 216 1813 1369 1891; baseline -0.001 -14"><span class='ocrx_word' id='word_1_70' title='bbox 216 1835 281 1877; x_wconf 90' lang='lat' dir='ltr'>non</span> <span class='ocrx_word' id='word_1_71' title='bbox 303 1815 444 1879; x_wconf 91' lang='lat' dir='ltr'>ministri</span> <span class='ocrx_word' id='word_1_72' title='bbox 467 1815 551 1879; x_wconf 91' lang='lat' dir='ltr'>dicte</span> <span class='ocrx_word' id='word_1_73' title='bbox 574 1815 697 1891; x_wconf 88' lang='lat' dir='ltr'>domus,</span> <span class='ocrx_word' id='word_1_74' title='bbox 712 1815 773 1878; x_wconf 90' lang='lat' dir='ltr'>sibi</span> <span class='ocrx_word' id='word_1_75' title='bbox 789 1813 1024 1879; x_wconf 90' lang='lat' dir='ltr'>successoribus</span> <span class='ocrx_word' id='word_1_76' title='bbox 1040 1820 1097 1877; x_wconf 89' lang='lat' dir='ltr'>aut</span> <span class='ocrx_word' id='word_1_77' title='bbox 1111 1813 1286 1877; x_wconf 91' lang='lat' dir='ltr'>conuentui</span> <span class='ocrx_word' id='word_1_78' title='bbox 1301 1833 1369 1890; x_wconf 91' lang='lat' dir='ltr'>suo,</span> 
     </span>
     <span class='ocr_line' id='line_1_12' title="bbox 216 1924 1370 2010; baseline -0.002 -20"><span class='ocrx_word' id='word_1_79' title='bbox 216 1933 274 1991; x_wconf 89' lang='lat' dir='ltr'>aut</span> <span class='ocrx_word' id='word_1_80' title='bbox 295 1948 405 1991; x_wconf 88' lang='lat' dir='ltr'>eorum</span> <span class='ocrx_word' id='word_1_81' title='bbox 423 1927 559 2010; x_wconf 89' lang='lat' dir='ltr'>juribus,</span> <span class='ocrx_word' id='word_1_82' title='bbox 582 1948 647 1990; x_wconf 91' lang='lat' dir='ltr'>non</span> <span class='ocrx_word' id='word_1_83' title='bbox 669 1926 795 1992; x_wconf 89' lang='lat' dir='ltr'>cederet</span> <span class='ocrx_word' id='word_1_84' title='bbox 816 1927 851 1989; x_wconf 93' lang='lat' dir='ltr'>in</span> <span class='ocrx_word' id='word_1_85' title='bbox 873 1925 1103 2009; x_wconf 91' lang='lat' dir='ltr'>preiudicium:</span> <span class='ocrx_word' id='word_1_86' title='bbox 1127 1924 1230 2008; x_wconf 88' lang='lat' dir='ltr'>Super</span> <span class='ocrx_word' id='word_1_87' title='bbox 1250 1924 1370 2006; x_wconf 89' lang='lat' dir='ltr'>quibus</span> 
     </span>
     <span class='ocr_line' id='line_1_13' title="bbox 215 2037 1369 2121; baseline -0.003 -18"><span class='ocrx_word' id='word_1_88' title='bbox 215 2039 315 2121; x_wconf 87' lang='lat' dir='ltr'>peciit</span> <span class='ocrx_word' id='word_1_89' title='bbox 329 2040 435 2104; x_wconf 91' lang='lat' dir='ltr'>dictus</span> <span class='ocrx_word' id='word_1_90' title='bbox 450 2040 547 2103; x_wconf 82' lang='lat' dir='ltr'>frater</span> <span class='ocrx_word' id='word_1_91' title='bbox 560 2039 745 2103; x_wconf 90' lang='lat' dir='ltr'>Willelmus</span> <span class='ocrx_word' id='word_1_92' title='bbox 761 2039 935 2102; x_wconf 91' lang='lat' dir='ltr'>Houstoun</span> <span class='ocrx_word' id='word_1_93' title='bbox 950 2038 1104 2112; x_wconf 87' lang='lat' dir='ltr'>minister,</span> <span class='ocrx_word' id='word_1_94' title='bbox 1119 2037 1369 2100; x_wconf 86' lang='lat' dir='ltr'>instrumentum</span> 
     </span>
     <span class='ocr_line' id='line_1_14' title="bbox 216 2133 1368 2231; baseline -0.002 -17"><span class='ocrx_word' id='word_1_95' title='bbox 216 2157 273 2214; x_wconf 88' lang='lat' dir='ltr'>aut</span> <span class='ocrx_word' id='word_1_96' title='bbox 294 2152 527 2215; x_wconf 90' lang='lat' dir='ltr'>instrumenta:</span> <span class='ocrx_word' id='word_1_97' title='bbox 557 2152 641 2215; x_wconf 85' lang='lat' dir='ltr'>Acta</span> <span class='ocrx_word' id='word_1_98' title='bbox 667 2151 703 2213; x_wconf 91' lang='lat' dir='ltr'>in</span> <span class='ocrx_word' id='word_1_99' title='bbox 729 2150 862 2214; x_wconf 86' lang='lat' dir='ltr'>ecclesia</span> <span class='ocrx_word' id='word_1_100' title='bbox 889 2149 928 2212; x_wconf 90' lang='lat' dir='ltr'>de</span> <span class='ocrx_word' id='word_1_101' title='bbox 953 2148 1107 2224; x_wconf 84' lang='lat' dir='ltr'>Failiurd,</span> <span class='ocrx_word' id='word_1_102' title='bbox 1133 2133 1210 2210; x_wconf 83' lang='lat' dir='ltr'>hora</span> <span class='ocrx_word' id='word_1_103' title='bbox 1235 2148 1268 2231; x_wconf 84' lang='lat' dir='ltr'>xj</span> <span class='ocrx_word' id='word_1_104' title='bbox 1293 2154 1368 2212; x_wconf 88' lang='lat' dir='ltr'>ante</span> 
     </span>
     <span class='ocr_line' id='line_1_15' title="bbox 215 2259 1368 2343; baseline -0.001 -19"><span class='ocrx_word' id='word_1_105' title='bbox 215 2263 390 2337; x_wconf 89' lang='lat' dir='ltr'>meridiem,</span> <span class='ocrx_word' id='word_1_106' title='bbox 412 2261 464 2324; x_wconf 85' lang='lat' dir='ltr'>vcl</span> <span class='ocrx_word' id='word_1_107' title='bbox 495 2262 633 2338; x_wconf 89' lang='lat' dir='ltr'>eacirca;</span> <span class='ocrx_word' id='word_1_108' title='bbox 655 2261 865 2343; x_wconf 88' lang='lat' dir='ltr'>presentibus,</span> <span class='ocrx_word' id='word_1_109' title='bbox 889 2259 1054 2322; x_wconf 88' lang='lat' dir='ltr'>Willclmo</span> <span class='ocrx_word' id='word_1_110' title='bbox 1077 2260 1207 2333; x_wconf 86' lang='lat' dir='ltr'>Walles,</span> <span class='ocrx_word' id='word_1_111' title='bbox 1231 2259 1368 2323; x_wconf 87' lang='lat' dir='ltr'>Roberto</span> 
     </span>
     <span class='ocr_line' id='line_1_16' title="bbox 215 2370 1369 2454; baseline -0.001 -19"><span class='ocrx_word' id='word_1_112' title='bbox 215 2373 346 2448; x_wconf 84' lang='lat' dir='ltr'>Walles,</span> <span class='ocrx_word' id='word_1_113' title='bbox 369 2371 517 2433; x_wconf 87' lang='lat' dir='ltr'>Eduardo</span> <span class='ocrx_word' id='word_1_114' title='bbox 540 2370 647 2453; x_wconf 86' lang='lat' dir='ltr'>Legat,</span> <span class='ocrx_word' id='word_1_115' title='bbox 671 2371 805 2453; x_wconf 82' lang='lat' dir='ltr'>Georgia</span> <span class='ocrx_word' id='word_1_116' title='bbox 827 2371 958 2447; x_wconf 75' lang='lat' dir='ltr'>Walles</span> <span class='ocrx_word' id='word_1_117' title='bbox 975 2371 1095 2434; x_wconf 88' lang='lat' dir='ltr'>Thoma</span> <span class='ocrx_word' id='word_1_118' title='bbox 1118 2371 1271 2454; x_wconf 89' lang='lat' dir='ltr'>Mychell,</span> <span class='ocrx_word' id='word_1_119' title='bbox 1285 2370 1369 2436; x_wconf 89' lang='lat' dir='ltr'>Wil-</span> 
     </span>
     <span class='ocr_line' id='line_1_17' title="bbox 215 2481 1251 2562; baseline 0.001 -17"><span class='ocrx_word' id='word_1_120' title='bbox 215 2482 311 2546; x_wconf 90' lang='lat' dir='ltr'>lelmo</span> <span class='ocrx_word' id='word_1_121' title='bbox 328 2482 463 2557; x_wconf 88' lang='lat' dir='ltr'>Gilmur,</span> <span class='ocrx_word' id='word_1_122' title='bbox 479 2481 663 2545; x_wconf 85' lang='lat' dir='ltr'>Alexandro</span> <span class='ocrx_word' id='word_1_123' title='bbox 679 2481 888 2562; x_wconf 85' lang='lat' dir='ltr'>Symontoun,</span> <span class='ocrx_word' id='word_1_124' title='bbox 904 2482 1080 2548; x_wconf 86' lang='lat' dir='ltr'>Cuthberto</span> <span class='ocrx_word' id='word_1_125' title='bbox 1096 2482 1251 2547; x_wconf 89' lang='lat' dir='ltr'>Revoche.</span> 
     </span>
    </p>
   </div>
   <div class='ocr_carea' id='block_1_5' title="bbox 695 2758 891 2824">
    <p class='ocr_par' dir='ltr' id='par_1_5' title="bbox 695 2758 891 2824">
     <span class='ocr_line' id='line_1_18' title="bbox 695 2758 891 2824; baseline 0.015 -5"><span class='ocrx_word' id='word_1_126' title='bbox 695 2758 749 2824; x_wconf 84' lang='lat'><strong>87.·</strong></span> <span class='ocrx_word' id='word_1_127' title='bbox 769 2758 891 2822; x_wconf 81' lang='lat' dir='ltr'>lucus.</span> 
     </span>
    </p>
   </div>
   <div class='ocr_carea' id='block_1_6' title="bbox 208 2927 1370 4451">
    <p class='ocr_par' dir='ltr' id='par_1_6' title="bbox 208 2927 1370 4451">
     <span class='ocr_line' id='line_1_19' title="bbox 257 2927 1369 3014; baseline 0.004 -24"><span class='ocrx_word' id='word_1_128' title='bbox 257 2927 354 2991; x_wconf 89' lang='lat' dir='ltr'>Anno</span> <span class='ocrx_word' id='word_1_129' title='bbox 380 2928 514 2992; x_wconf 91' lang='lat' dir='ltr'>Domini</span> <span class='ocrx_word' id='word_1_130' title='bbox 541 2930 592 2992; x_wconf 84' lang='grc' dir='ltr'>Μ0</span> <span class='ocrx_word' id='word_1_131' title='bbox 607 2929 864 3014; x_wconf 86' lang='lat' dir='ltr'>quingentesimo</span> <span class='ocrx_word' id='word_1_132' title='bbox 890 2934 934 3007; x_wconf 86' lang='lat'>40,</span> <span class='ocrx_word' id='word_1_133' title='bbox 949 2930 1001 2994; x_wconf 92' lang='lat' dir='ltr'>die</span> <span class='ocrx_word' id='word_1_134' title='bbox 1026 2951 1102 2995; x_wconf 88' lang='lat' dir='ltr'>vero</span> <span class='ocrx_word' id='word_1_135' title='bbox 1129 2930 1249 2994; x_wconf 86' lang='lat' dir='ltr'>mensis</span> <span class='ocrx_word' id='word_1_136' title='bbox 1272 2930 1369 2995; x_wconf 85' lang='lat' dir='ltr'>Junii</span> 
     </span>
     <span class='ocr_line' id='line_1_20' title="bbox 213 3039 1368 3128; baseline 0.003 -26"><span class='ocrx_word' id='word_1_137' title='bbox 213 3039 337 3124; x_wconf 88' lang='lat' dir='ltr'>quinta,</span> <span class='ocrx_word' id='word_1_138' title='bbox 352 3040 527 3105; x_wconf 90' lang='lat' dir='ltr'>indictione</span> <span class='ocrx_word' id='word_1_139' title='bbox 545 3042 601 3124; x_wconf 82' lang='lat' dir='ltr'>vij,</span> <span class='ocrx_word' id='word_1_140' title='bbox 616 3044 822 3125; x_wconf 88' lang='lat' dir='ltr'>pontificatus</span> <span class='ocrx_word' id='word_1_141' title='bbox 834 3043 1027 3107; x_wconf 89' lang='lat' dir='ltr'>sanctissimi</span> <span class='ocrx_word' id='word_1_142' title='bbox 1039 3065 1121 3128; x_wconf 85' lang='lat' dir='ltr'>pape</span> <span class='ocrx_word' id='word_1_143' title='bbox 1136 3045 1158 3107; x_wconf 88' lang='lat' dir='ltr'>J</span> <span class='ocrx_word' id='word_1_144' title='bbox 1160 3043 1220 3107; x_wconf 91' lang='lat' dir='ltr'>ulii</span> <span class='ocrx_word' id='word_1_145' title='bbox 1234 3042 1368 3107; x_wconf 91' lang='lat' dir='ltr'>secundi</span> 
     </span>
     <span class='ocr_line' id='line_1_21' title="bbox 213 3153 1370 3238; baseline 0.003 -23"><span class='ocrx_word' id='word_1_146' title='bbox 213 3173 298 3216; x_wconf 87' lang='lat' dir='ltr'>anno</span> <span class='ocrx_word' id='word_1_147' title='bbox 319 3153 431 3237; x_wconf 93' lang='lat' dir='ltr'>primo,</span> <span class='ocrx_word' id='word_1_148' title='bbox 454 3159 487 3217; x_wconf 88' lang='lat' dir='ltr'>et</span> <span class='ocrx_word' id='word_1_149' title='bbox 509 3174 592 3217; x_wconf 88' lang='lat' dir='ltr'>anno</span> <span class='ocrx_word' id='word_1_150' title='bbox 612 3156 702 3238; x_wconf 86' lang='lat' dir='ltr'>regni</span> <span class='ocrx_word' id='word_1_151' title='bbox 727 3156 842 3218; x_wconf 60' lang='lat' dir='ltr'>{iacobi</span> <span class='ocrx_word' id='word_1_152' title='bbox 864 3155 970 3238; x_wconf 88' lang='lat' dir='ltr'>quarti</span> <span class='ocrx_word' id='word_1_153' title='bbox 996 3156 1072 3238; x_wconf 81' lang='lat' dir='ltr'>xvj:</span> <span class='ocrx_word' id='word_1_154' title='bbox 1101 3157 1141 3218; x_wconf 93' lang='lat' dir='ltr'>In</span> <span class='ocrx_word' id='word_1_155' title='bbox 1163 3155 1228 3218; x_wconf 91' lang='lat' dir='ltr'>mei</span> <span class='ocrx_word' id='word_1_156' title='bbox 1243 3155 1370 3232; x_wconf 86' lang='lat' dir='ltr'>notarii,</span> 
     </span>
     <span class='ocr_line' id='line_1_22' title="bbox 215 3263 1369 3350; baseline 0.002 -22"><span class='ocrx_word' id='word_1_157' title='bbox 215 3263 308 3348; x_wconf 87' lang='lat' dir='ltr'>[ete.,]</span> <span class='ocrx_word' id='word_1_158' title='bbox 326 3265 457 3349; x_wconf 91' lang='lat' dir='ltr'>quidam</span> <span class='ocrx_word' id='word_1_159' title='bbox 473 3266 495 3330; x_wconf 91' lang='lat' dir='ltr'><strong>J</strong></span> <span class='ocrx_word' id='word_1_160' title='bbox 497 3266 638 3331; x_wconf 88' lang='lat' dir='ltr'>ohannes</span> <span class='ocrx_word' id='word_1_161' title='bbox 658 3267 765 3344; x_wconf 84' lang='lat' dir='ltr'>Knox,</span> <span class='ocrx_word' id='word_1_162' title='bbox 781 3274 888 3330; x_wconf 88' lang='lat' dir='ltr'>custos</span> <span class='ocrx_word' id='word_1_163' title='bbox 910 3268 1090 3350; x_wconf 83' lang='lat' dir='ltr'>assignatus</span> <span class='ocrx_word' id='word_1_164' title='bbox 1106 3274 1139 3331; x_wconf 89' lang='lat' dir='ltr'>et</span> <span class='ocrx_word' id='word_1_165' title='bbox 1161 3267 1334 3350; x_wconf 87' lang='lat' dir='ltr'>deputatus</span> <span class='ocrx_word' id='word_1_166' title='bbox 1349 3287 1369 3330; x_wconf 86' lang='lat' dir='ltr'>a</span> 
     </span>
     <span class='ocr_line' id='line_1_23' title="bbox 211 3373 1367 3464; baseline 0.004 -27"><span class='ocrx_word' id='word_1_167' title='bbox 211 3373 343 3441; x_wconf 87' lang='lat' dir='ltr'>balliuis</span> <span class='ocrx_word' id='word_1_168' title='bbox 359 3379 502 3442; x_wconf 89' lang='lat' dir='ltr'>ciuitatis</span> <span class='ocrx_word' id='word_1_169' title='bbox 525 3378 743 3464; x_wconf 85' lang='lat' dir='ltr'>Glasguensis,</span> <span class='ocrx_word' id='word_1_170' title='bbox 757 3399 814 3463; x_wconf 92' lang='lat' dir='ltr'>pro</span> <span class='ocrx_word' id='word_1_171' title='bbox 837 3386 986 3463; x_wconf 90' lang='lat' dir='ltr'>tempore,</span> <span class='ocrx_word' id='word_1_172' title='bbox 1002 3386 1039 3442; x_wconf 94' lang='lat' dir='ltr'>ut</span> <span class='ocrx_word' id='word_1_173' title='bbox 1061 3385 1217 3443; x_wconf 85' lang='lat' dir='ltr'>assertum</span> <span class='ocrx_word' id='word_1_174' title='bbox 1235 3386 1311 3455; x_wconf 90' lang='lat' dir='ltr'>erat,</span> <span class='ocrx_word' id='word_1_175' title='bbox 1326 3378 1367 3442; x_wconf 84' lang='lat' dir='ltr'>ad</span> 
     </span>
     <span class='ocr_line' id='line_1_24' title="bbox 212 3488 1367 3575; baseline 0.006 -28"><span class='ocrx_word' id='word_1_176' title='bbox 212 3488 390 3551; x_wconf 90' lang='lat' dir='ltr'>custodiam</span> <span class='ocrx_word' id='word_1_177' title='bbox 413 3490 536 3553; x_wconf 91' lang='lat' dir='ltr'>domini</span> <span class='ocrx_word' id='word_1_178' title='bbox 561 3492 720 3556; x_wconf 77' lang='lat' dir='ltr'>lobannis</span> <span class='ocrx_word' id='word_1_179' title='bbox 747 3492 930 3575; x_wconf 80' lang='lat' dir='ltr'>Brakanrig,</span> <span class='ocrx_word' id='word_1_180' title='bbox 954 3490 1113 3574; x_wconf 87' lang='lat' dir='ltr'>capellani</span> <span class='ocrx_word' id='word_1_181' title='bbox 1138 3491 1250 3555; x_wconf 85' lang='lat' dir='ltr'>vicarii</span> <span class='ocrx_word' id='word_1_182' title='bbox 1280 3490 1367 3554; x_wconf 90' lang='lat' dir='ltr'>chori</span> 
     </span>
     <span class='ocr_line' id='line_1_25' title="bbox 213 3594 1367 3687; baseline 0.007 -30"><span class='ocrx_word' id='word_1_183' title='bbox 213 3594 429 3676; x_wconf 85' lang='lat' dir='ltr'>Glasguensis,</span> <span class='ocrx_word' id='word_1_184' title='bbox 445 3600 480 3661; x_wconf 91' lang='lat' dir='ltr'>in</span> <span class='ocrx_word' id='word_1_185' title='bbox 496 3604 647 3666; x_wconf 87' lang='lat' dir='ltr'>extremis</span> <span class='ocrx_word' id='word_1_186' title='bbox 663 3624 703 3666; x_wconf 85' lang='lat' dir='ltr'>ex</span> <span class='ocrx_word' id='word_1_187' title='bbox 717 3605 826 3667; x_wconf 91' lang='lat' dir='ltr'>morbo</span> <span class='ocrx_word' id='word_1_188' title='bbox 844 3604 994 3687; x_wconf 84' lang='lat' dir='ltr'>pestifero</span> <span class='ocrx_word' id='word_1_189' title='bbox 1016 3602 1199 3679; x_wconf 88' lang='lat' dir='ltr'>laborantis,</span> <span class='ocrx_word' id='word_1_190' title='bbox 1214 3603 1250 3664; x_wconf 91' lang='lat' dir='ltr'>in</span> <span class='ocrx_word' id='word_1_191' title='bbox 1272 3603 1367 3666; x_wconf 92' lang='lat' dir='ltr'>domo</span> 
     </span>
     <span class='ocr_line' id='line_1_26' title="bbox 211 3703 1368 3797; baseline 0.013 -33"><span class='ocrx_word' id='word_1_192' title='bbox 211 3703 342 3767; x_wconf 89' lang='lat' dir='ltr'>Patricii</span> <span class='ocrx_word' id='word_1_193' title='bbox 365 3705 610 3789; x_wconf 87' lang='lat' dir='ltr'>Hammyltoun,</span> <span class='ocrx_word' id='word_1_194' title='bbox 625 3712 705 3775; x_wconf 85' lang='lat' dir='ltr'>alias</span> <span class='ocrx_word' id='word_1_195' title='bbox 727 3715 750 3777; x_wconf 83' lang='lat' dir='ltr'>J</span> <span class='ocrx_word' id='word_1_196' title='bbox 751 3715 887 3778; x_wconf 85' lang='lat' dir='ltr'>ohannis</span> <span class='ocrx_word' id='word_1_197' title='bbox 910 3712 1135 3795; x_wconf 84' lang='lat' dir='ltr'>Elphinstoun,</span> <span class='ocrx_word' id='word_1_198' title='bbox 1150 3713 1278 3797; x_wconf 88' lang='lat' dir='ltr'>publice</span> <span class='ocrx_word' id='word_1_199' title='bbox 1294 3736 1368 3779; x_wconf 92' lang='lat' dir='ltr'>con-</span> 
     </span>
     <span class='ocr_line' id='line_1_27' title="bbox 210 3813 1368 3906; baseline 0.013 -31"><span class='ocrx_word' id='word_1_200' title='bbox 210 3813 313 3876; x_wconf 88' lang='lat' dir='ltr'>fessus</span> <span class='ocrx_word' id='word_1_201' title='bbox 336 3821 440 3877; x_wconf 90' lang='lat' dir='ltr'>estet</span> <span class='ocrx_word' id='word_1_202' title='bbox 463 3816 646 3895; x_wconf 86' lang='lat' dir='ltr'>declarauit,</span> <span class='ocrx_word' id='word_1_203' title='bbox 670 3840 775 3885; x_wconf 86' lang='lat' dir='ltr'>coram</span> <span class='ocrx_word' id='word_1_204' title='bbox 797 3844 848 3886; x_wconf 87' lang='lat' dir='ltr'>me</span> <span class='ocrx_word' id='word_1_205' title='bbox 871 3825 994 3887; x_wconf 84' lang='lat' dir='ltr'>notario</span> <span class='ocrx_word' id='word_1_206' title='bbox 1019 3824 1148 3906; x_wconf 88' lang='lat' dir='ltr'>publico</span> <span class='ocrx_word' id='word_1_207' title='bbox 1171 3833 1204 3888; x_wconf 91' lang='lat' dir='ltr'>et</span> <span class='ocrx_word' id='word_1_208' title='bbox 1230 3827 1368 3890; x_wconf 90' lang='lat' dir='ltr'>testibus</span> 
     </span>
     <span class='ocr_line' id='line_1_28' title="bbox 209 3920 1364 4017; baseline 0.015 -32"><span class='ocrx_word' id='word_1_209' title='bbox 209 3920 406 4006; x_wconf 89' lang='lat' dir='ltr'>subscriptis,</span> <span class='ocrx_word' id='word_1_210' title='bbox 422 3932 490 4002; x_wconf 78' lang='lat' dir='ltr'>etc,</span> <span class='ocrx_word' id='word_1_211' title='bbox 506 3926 677 4008; x_wconf 89' lang='lat' dir='ltr'>stipulanti</span> <span class='ocrx_word' id='word_1_212' title='bbox 699 3931 769 3995; x_wconf 88' lang='lat' dir='ltr'>vice</span> <span class='ocrx_word' id='word_1_213' title='bbox 792 3933 936 3997; x_wconf 92' lang='lat' dir='ltr'>omnium</span> <span class='ocrx_word' id='word_1_214' title='bbox 954 3940 987 3998; x_wconf 88' lang='lat' dir='ltr'>et</span> <span class='ocrx_word' id='word_1_215' title='bbox 1008 3934 1208 4017; x_wconf 82' lang='lat' dir='ltr'>singulomm</span> <span class='ocrx_word' id='word_1_216' title='bbox 1230 3956 1364 4017; x_wconf 88' lang='lat' dir='ltr'>quorum</span> 
     </span>
     <span class='ocr_line' id='line_1_29' title="bbox 208 4035 1365 4128; baseline 0.01 -31"><span class='ocrx_word' id='word_1_217' title='bbox 208 4035 369 4110; x_wconf 86' lang='lat' dir='ltr'>intererat,</span> <span class='ocrx_word' id='word_1_218' title='bbox 383 4037 470 4118; x_wconf 90' lang='lat' dir='ltr'>quod</span> <span class='ocrx_word' id='word_1_219' title='bbox 492 4037 598 4101; x_wconf 91' lang='lat' dir='ltr'>dictus</span> <span class='ocrx_word' id='word_1_220' title='bbox 622 4040 771 4106; x_wconf 88' lang='lat' dir='ltr'>dominus</span> <span class='ocrx_word' id='word_1_221' title='bbox 787 4042 960 4120; x_wconf 86' lang='lat' dir='ltr'>Johannes,</span> <span class='ocrx_word' id='word_1_222' title='bbox 980 4066 1036 4128; x_wconf 90' lang='lat' dir='ltr'>per</span> <span class='ocrx_word' id='word_1_223' title='bbox 1059 4045 1166 4127; x_wconf 90' lang='lat' dir='ltr'>ipsum</span> <span class='ocrx_word' id='word_1_224' title='bbox 1180 4043 1365 4108; x_wconf 85' lang='lat' dir='ltr'>Johanncm</span> 
     </span>
     <span class='ocr_line' id='line_1_30' title="bbox 208 4147 1364 4234; baseline 0.01 -27"><span class='ocrx_word' id='word_1_225' title='bbox 208 4153 345 4229; x_wconf 86' lang='lat' dir='ltr'>rogatus,</span> <span class='ocrx_word' id='word_1_226' title='bbox 354 4147 382 4208; x_wconf 90' lang='lat' dir='ltr'>si</span> <span class='ocrx_word' id='word_1_227' title='bbox 395 4148 589 4212; x_wconf 91' lang='lat' dir='ltr'>condidisset</span> <span class='ocrx_word' id='word_1_228' title='bbox 599 4156 837 4230; x_wconf 87' lang='lat' dir='ltr'>testamentum,</span> <span class='ocrx_word' id='word_1_229' title='bbox 845 4153 899 4218; x_wconf 89' lang='lat' dir='ltr'>vel</span> <span class='ocrx_word' id='word_1_230' title='bbox 907 4156 934 4218; x_wconf 91' lang='lat' dir='ltr'>si</span> <span class='ocrx_word' id='word_1_231' title='bbox 943 4156 1043 4221; x_wconf 81' lang='lat' dir='ltr'>vellet</span> <span class='ocrx_word' id='word_1_232' title='bbox 1051 4153 1192 4227; x_wconf 83' lang='lat' dir='ltr'>condere,</span> <span class='ocrx_word' id='word_1_233' title='bbox 1200 4153 1364 4234; x_wconf 90' lang='lat' dir='ltr'>respondit</span> 
     </span>
     <span class='ocr_line' id='line_1_31' title="bbox 208 4256 1364 4348; baseline 0.007 -27"><span class='ocrx_word' id='word_1_234' title='bbox 208 4278 242 4322; x_wconf 91' lang='lat' dir='ltr'>se</span> <span class='ocrx_word' id='word_1_235' title='bbox 257 4256 402 4341; x_wconf 86' lang='lat' dir='ltr'>perprius</span> <span class='ocrx_word' id='word_1_236' title='bbox 417 4260 631 4338; x_wconf 88' lang='lat' dir='ltr'>constituisse,</span> <span class='ocrx_word' id='word_1_237' title='bbox 643 4271 676 4326; x_wconf 92' lang='lat' dir='ltr'>et</span> <span class='ocrx_word' id='word_1_238' title='bbox 690 4272 809 4329; x_wconf 85' lang='lat' dir='ltr'>extunc</span> <span class='ocrx_word' id='word_1_239' title='bbox 825 4272 985 4330; x_wconf 87' lang='lat' dir='ltr'>staturum</span> <span class='ocrx_word' id='word_1_240' title='bbox 1001 4263 1175 4331; x_wconf 84' lang='lat' dir='ltr'>Patricium</span> <span class='ocrx_word' id='word_1_241' title='bbox 1192 4262 1364 4348; x_wconf 86' lang='lat' dir='ltr'>Hammyl-</span> 
     </span>
     <span class='ocr_line' id='line_1_32' title="bbox 208 4371 1363 4451; baseline 0.007 -17"><span class='ocrx_word' id='word_1_242' title='bbox 208 4377 288 4434; x_wconf 82' lang='lat' dir='ltr'>toun</span> <span class='ocrx_word' id='word_1_243' title='bbox 302 4387 397 4432; x_wconf 89' lang='lat' dir='ltr'>suum</span> <span class='ocrx_word' id='word_1_244' title='bbox 411 4371 544 4435; x_wconf 70' lang='lat' dir='ltr'>unicum</span> <span class='ocrx_word' id='word_1_245' title='bbox 558 4381 769 4451; x_wconf 84' lang='lat' dir='ltr'>executorem,</span> <span class='ocrx_word' id='word_1_246' title='bbox 784 4383 818 4440; x_wconf 86' lang='lat' dir='ltr'>et</span> <span class='ocrx_word' id='word_1_247' title='bbox 839 4376 995 4443; x_wconf 88' lang='lat' dir='ltr'>bonomm</span> <span class='ocrx_word' id='word_1_248' title='bbox 1010 4392 1147 4447; x_wconf 87' lang='lat' dir='ltr'>suorum,</span> <span class='ocrx_word' id='word_1_249' title='bbox 1162 4378 1230 4435; x_wconf 80' lang='lat' dir='ltr'>tam</span> <span class='ocrx_word' id='word_1_250' title='bbox 1249 4375 1363 4442; x_wconf 88' lang='lat' dir='ltr'>immo·</span> 
     </span>
    </p>
   </div>
   <div class='ocr_carea' id='block_1_7' title="bbox 0 0 1502 4936">
    <p class='ocr_par' dir='ltr' id='par_1_7' title="bbox 0 0 1502 4936">
     <span class='ocr_line' id='line_1_33' title="bbox 0 0 1502 4936; baseline 0 3"><span class='ocrx_word' id='word_1_251' title='bbox 0 0 1502 4936; x_wconf 95' lang='lat' dir='ltr'> </span> 
     </span>
    </p>
   </div>
  </div>
 </body>
</html>
