2994 4936
249 423 313 485 502
616 424 619 429 ’
726 437 934 485 rnorocoma

86 620 145 658 nn.
161 608 233 659 1518.
249 595 308 671 sui,
324 595 359 657 in
373 596 444 658 vice
459 615 525 671 sua,
540 616 638 679 quam
659 594 752 660 iuxta
773 593 1040 660 consuetudinem
1061 591 1195 658 ecclesie
1210 591 1407 657 desiderabat

127 700 194 710 “
250 706 384 784 11611616;
405 713 600 789 protestatus
622 706 804 782 solenniter,
819 705 905 789 quod
930 704 1117 768 huiusmodi
1138 703 1269 768 iusticia
1293 708 1408 767 asserta

252 818 314 881 sibi
350 823 473 901 negata,
503 838 567 900 quo
594 818 634 881 ad
664 818 898 882 assecutionem
935 817 987 881 sui
1023 815 1129 880 sinodi
1158 815 1318 891 turmalis,
1346 835 1407 878 non

253 929 380 993 cederet
403 929 465 991 sibi
488 930 522 991 in
537 929 751 1012 preiudicium
774 927 923 1011 aliquod:
945 927 1049 991 Peciit
1070 927 1158 991 idem
1180 926 1348 990 Durandis
1363 927 1409 989 in·
1432 947 1436 953 ·

254 1048 434 1105 strumenta
448 1065 454 1103 :
478 1041 561 1104 Acta
575 1049 612 1104 vt
628 1061 732 1123 supra

443 1314 513 1376 656.
537 1311 1227 1376 Euorasrr-Orannrrurr—Suaoncmus

299 1484 362 1547 Die
378 1484 519 1560 Sabbati,
534 1485 627 1567 xxvj⁰
642 1485 762 1549 mensis
782 1485 985 1561 Nouembris,
1000 1504 1092 1561 anno,
1108 1483 1295 1560 indictione,
1310 1483 1412 1566 ponti-

256 1595 361 1671 ficatu,
377 1604 410 1660 et
430 1617 536 1679 regne,
552 1596 669 1679 quibus
690 1597 875 1661 immediate
890 1617 995 1679 supra,
1009 1595 1087 1659 hora
1109 1595 1201 1679 quasi
1224 1594 1326 1658 tercia
1345 1602 1414 1677 post

256 1707 422 1772 meridiem
436 1708 489 1772 vel
504 1708 595 1784 circa,
610 1708 748 1772 testibus
763 1709 899 1792 Georgio
920 1707 1094 1783 Crawfurd,
1109 1706 1286 1790 sergiando,
1301 1705 1414 1770 Archi-

256 1818 352 1883 baldo
368 1819 476 1883 Crawf
477 1820 541 1895 und,
554 1827 587 1883 ct
602 1821 624 1884 J
626 1820 751 1883 ohanne
767 1819 891 1902 Srnyth,
903 1820 925 1883 J
927 1819 1052 1882 ohanne
1063 1818 1199 1894 Wilson,
1211 1824 1245 1881 et
1261 1818 1415 1900 Magistro

258 1931 388 1995 Andree
418 1931 534 2013 Smytlr
564 1931 599 1994 in
629 1931 747 1994 saisina
776 1941 831 1993 xv·
854 1939 1009 2013 sequente
1021 1953 1029 2009 ;
1066 1937 1098 1993 et
1128 1929 1250 1993 eisdem
1281 1929 1416 2011 Georgio

258 2042 462 2118 Archibaldo,
477 2051 510 2106 et
532 2042 680 2106 Johannc
704 2041 829 2124 Smyth,
844 2062 969 2105 necnon
989 2042 1128 2105 Roberto
1150 2040 1246 2116 Alan,
1266 2040 1417 2104 Johanne

260 2151 413 2229 Cutellar,
436 2153 471 2215 in
494 2154 613 2216 saisina
636 2153 719 2235 xiiij·
743 2153 964 2235 infrascripta:
990 2153 1203 2216 Personaliter
1222 2152 1417 2216 constitutus

259 2264 409 2327 dominus
439 2264 577 2328 Thomas
603 2264 730 2327 Forsith
760 2264 923 2347 presbiter,
949 2271 1133 2346 procurator
1158 2270 1192 2326 et
1221 2282 1262 2326 ex
1288 2263 1418 2326 nomine

259 2376 410 2458 Magistri
425 2376 556 2440 Roberti
571 2376 788 2459 Elphinstoun
803 2377 948 2439 canonici
957 2375 1204 2450 Aberdonensis,
1215 2373 1420 2458 corporaliter

261 2488 396 2550 accessit
411 2487 451 2550 ad
466 2495 688 2552 tenementum
703 2488 866 2570 quondam
881 2488 1015 2552 Henrici
1030 2487 1149 2563 Burell,
1164 2487 1274 2551 iacens
1288 2487 1324 2549 in
1340 2484 1418 2550 ciui-

260 2603 327 2658 tate
340 2596 542 2678 Glosguensi,
554 2598 587 2658 in
600 2598 669 2660 vico
681 2597 810 2680 publico
823 2619 887 2681 qua
902 2599 968 2660 itur
978 2598 1018 2660 ab
1029 2598 1163 2661 ecclesia
1175 2597 1420 2680 metropolitana

261 2706 302 2768 ad
331 2706 466 2769 Crucem
493 2706 574 2781 Furi,
597 2707 637 2768 ad
663 2716 787 2790 partem
814 2708 1044 2772 occidentalem
1067 2707 1210 2771 eiusdem
1236 2707 1311 2784 vici,
1337 2708 1421 2770 inter

261 2825 361 2882 terras
387 2818 548 2900 quondam
572 2818 703 2887 Roberti
731 2819 896 2883 Lcithame
919 2821 958 2883 ad
985 2828 1137 2896 austrum,
1160 2829 1193 2883 et
1216 2819 1421 2883 Willelmum

262 2930 379 3014 Srnyth
402 2931 443 2994 ad
469 2931 607 3009 boriam3
637 2939 670 2994 et
693 2939 924 3013 consequenter
946 2932 987 2994 ad
1012 2938 1234 2995 tenementum
1260 2931 1421 2994 Johannis

201 3104 206 3111 ,
261 3042 407 3125 Wrycbt,
430 3042 537 3106 iacens
563 3043 598 3105 in
621 3042 764 3106 eiusdem
787 3042 919 3106 ciuitate
945 3050 978 3106 et
1000 3042 1080 3118 vico,
1103 3043 1142 3105 ad
1165 3050 1289 3124 partem
1312 3050 1420 3106 tamen

262 3154 450 3216 orientalem
466 3154 542 3216 dicti
560 3154 632 3229 vici,
644 3154 729 3217 inter
743 3163 842 3217 terras
858 3154 1020 3237 quondam
1035 3153 1223 3217 Archibaldi
1238 3153 1366 3216 Wilson
1381 3152 1421 3216 ad

263 3271 418 3340 austrum,
433 3272 466 3327 et
480 3264 641 3327 venellam
657 3284 859 3328 communem
874 3285 937 3347 que
952 3265 1042 3328 ducit
1056 3264 1097 3328 ud
1112 3271 1285 3328 torrentem
1301 3264 1421 3327 Melin-

264 3375 357 3437 dinor
379 3375 419 3437 ad
445 3375 585 3438 borium:
618 3376 661 3438 Et
687 3375 815 3451 ibidem,
837 3376 948 3458 primo,
972 3376 1156 3458 quindecim
1178 3376 1296 3439 solidos
1321 3375 1421 3439 annui

263 3486 408 3550 redditus
444 3487 611 3549 annuatim
641 3495 796 3550 exeuntes
825 3494 858 3550 et
893 3487 1017 3551 debitos
1047 3488 1086 3550 de
1116 3488 1203 3551 dicto
1237 3494 1421 3551 tenemento

265 3597 400 3660 Henrici
424 3597 535 3660 Burell
558 3619 632 3662 cum
654 3598 755 3661 cauda
769 3604 803 3661 et
824 3598 1046 3680 pertinentiis;
1070 3607 1103 3662 et
1118 3599 1234 3663 deinde
1250 3605 1283 3662 et
1298 3619 1421 3663 succes·

266 3709 343 3783 sive,
355 3708 438 3790 xiiij·
453 3710 621 3772 annuatim
633 3709 717 3773 solui
729 3709 839 3773 solitos
855 3711 894 3774 de
909 3716 1094 3774 tenemento
1109 3711 1246 3793 predicti
1261 3711 1284 3774 J
1285 3711 1422 3774 ohannis

266 3817 412 3900 Wrycbt,
428 3820 636 3902 nomineque
659 3841 763 3904 supra,
779 3841 834 3903 per
855 3821 1031 3897 denarium,
1047 3822 1207 3905 stapulam
1223 3829 1256 3885 ct
1278 3822 1424 3898 fixuram,

266 3929 306 3993 de
321 3949 416 4005 more,
431 3929 466 3991 in
481 3931 629 3994 manibus
644 3932 766 3995 Thome
782 3933 856 3995 Low
871 3933 1004 3996 ulterius
1019 3933 1212 3997 balliuoruur
1228 3934 1267 3997 de
1283 3933 1423 4017 Glasgw,

266 4062 345 4123 pnrc
361 4048 394 4104 et
410 4040 600 4124 simpliciter
615 4042 798 4125 resignaruit,
814 4051 847 4107 ct
869 4065 997 4107 sursum
1013 4045 1110 4121 dedit,
1126 4067 1145 4108 a
1165 4046 1251 4109 dicto
1267 4045 1424 4128 Magistro

267 4152 405 4216 Roberto
421 4161 453 4216 et
468 4152 638 4215 heredibus
654 4154 721 4216 suis
736 4154 991 4238 imperpetuum:
1016 4156 1141 4232 Quibus
1155 4156 1426 4238 resignationibus

267 4264 424 4340 admissis,
439 4263 545 4327 dictus
567 4263 716 4342 balliuus,
731 4266 839 4350 vigore
861 4268 913 4331 sui
935 4267 1039 4344 officii,
1054 4274 1087 4332 et
1109 4289 1149 4332 ex
1172 4267 1323 4331 mandato
1345 4267 1426 4332 dicti

267 4375 488 4458 procuratoris,
503 4375 593 4440 dedit
614 4376 767 4442 saisinam
781 4386 902 4442 etatum
923 4378 1152 4445 hereditarium
1174 4386 1208 4445 et
1229 4379 1426 4463 corporalem
