2994 4936
195 426 257 490 340
671 439 877 488 rnoroooma

30 626 87 662 ar.
106 613 178 662 1510.
193 603 338 661 tantum:
368 598 470 662 Peciit
491 598 631 662 decanus
660 596 882 673 instrumenta,
906 595 992 678 quod
1015 592 1194 678 capitulum
1221 593 1363 676 negauit

47 704 138 769 .““
193 708 381 793 petitionem
402 708 670 784 rauerendissimi‚
695 715 729 772 et
757 707 844 791 quod
869 705 1030 771 consensit
1051 703 1285 770 contributioni
1316 703 1361 768 ad

194 820 364 904 pecuniam
378 820 603 904 depositariam
618 840 674 903 pro
689 819 873 884 defensione
889 817 1009 882 iurium
1023 815 1168 900 capituli

43 1103 97 1154 rol.
113 1106 169 1156 111.
448 1094 521 1161 434.
545 1093 825 1158 eumn-Dones
840 1092 1098 1155 nmnosrnmn.

239 1266 302 1331 Die
318 1266 457 1343 Sabbati,
471 1266 560 1349 xxvij
578 1266 698 1330 mensis
709 1265 841 1349 Aprilis,
851 1284 936 1328 anno
950 1260 1207 1348 quingentesimo
1218 1260 1361 1339 decimo,

195 1376 369 1440 indictione
395 1377 463 1458 xiij,
492 1377 697 1460 pontificatus
727 1376 811 1440 Julii
841 1374 886 1439 2⁶¹
912 1395 997 1439 anno
1026 1373 1172 1458 septimo,
1201 1379 1235 1436 et
1265 1375 1362 1458 regni

194 1487 308 1550 Jacobi
338 1486 443 1569 quarti
473 1507 558 1550 anno
587 1486 674 1570 xxij:
712 1487 821 1550 Dauid
851 1487 952 1570 Steyn
981 1493 1015 1550 et
1044 1486 1153 1569 Agnes
1181 1483 1361 1550 Amorem

196 1599 354 1682 coniuges,
369 1619 434 1662 non
455 1599 490 1662 vi
512 1605 569 1662 aut
588 1607 686 1675 metu,
708 1606 811 1676 etc.,a
834 1619 867 1663 se
890 1607 923 1663 et
944 1598 1114 1662 heredibus
1134 1596 1202 1660 suis
1224 1615 1360 1660 sursum

196 1710 361 1787 dederunt,
376 1731 413 1774 ae
427 1710 616 1794 simpliciter
634 1710 844 1795 resignarunt,
861 1716 895 1774 et
916 1713 1087 1785 cesserunt,
1101 1728 1158 1791 per
1179 1714 1302 1771 terram
1323 1716 1362 1772 et

195 1821 327 1905 lapides,
352 1822 513 1905 quoddam
538 1843 634 1886 suum
660 1829 881 1886 tenementum
906 1841 981 1885 oum
1010 1818 1223 1903 pertinentiis,
1242 1818 1361 1901 jaoens

192 1934 289 2016 juxta
314 1934 482 1998 ciuitatem
508 1933 749 2018 Glasguensem,
772 1933 805 1995 in
832 1932 864 1996 le
893 1932 1110 2017 Stablegreyn,
1135 1929 1221 1993 vltra
1246 1937 1361 2013 portas

197 2046 348 2122 ciuitatis,
363 2045 447 2109 inter
472 2051 572 2109 terras
598 2044 760 2129 quondam
786 2043 895 2108 Dauid
917 2045 1053 2127 Aytkyn
1075 2063 1116 2108 ex
1142 2040 1302 2118 orientali,
1324 2051 1362 2107 et

196 2157 357 2221 Johannis
384 2156 486 2240 Inglis
512 2178 553 2221 ex
578 2157 767 2221 occidentali
794 2156 956 2240 partibus:
985 2156 1121 2218 Necnon
1146 2152 1302 2217 saisinam
1323 2161 1361 2218 et

197 2273 318 2331 statum
333 2268 418 2332 feodi
433 2268 523 2331 firme
537 2267 766 2332 hereditarium
780 2266 946 2330 humiliter
960 2286 1017 2349 per
1031 2264 1160 2329 eosdem
1173 2264 1209 2327 in
1224 2263 1360 2342 eisdem,

196 2377 231 2439 in
246 2379 395 2440 manibus
417 2377 537 2442 Thema
560 2379 718 2461 Hugonis,
732 2378 847 2442 balliui
868 2379 908 2442 de
932 2377 1068 2462 Glasgw,
1082 2373 1269 2440 huiusmodi
1287 2395 1360 2440 sur-

197 2507 269 2550 sum
291 2488 462 2563 dationem,
477 2489 723 2572 resignationem
745 2496 778 2553 et
800 2489 959 2566 saisinam,
975 2509 1012 2552 ac
1033 2493 1154 2552 statum
1169 2486 1255 2550 feodi
1276 2487 1360 2551 reei-

196 2597 315 2680 picntis
331 2606 364 2659 et
386 2598 596 2675 admittentis,
611 2620 648 2662 ae
671 2599 797 2663 eosdem
820 2600 916 2664 dictis
938 2599 1056 2664 saisina
1070 2607 1104 2664 et
1125 2605 1211 2661 statu
1230 2596 1358 2663 heredi·

196 2708 277 2772 tario
306 2707 521 2786 destituantis,
552 2708 770 2786 dauestientis,
800 2717 834 2774 et
862 2710 1091 2775 dissaisientis:
1128 2709 1193 2786 Qui
1222 2708 1357 2792 quidem

196 2819 337 2884 balliuus
360 2819 574 2883 incontinenti
597 2820 756 2897 saisinam,
772 2828 804 2884 et
827 2828 947 2884 statum
969 2821 1205 2897 hereditarium,
1227 2840 1265 2884 ao
1287 2841 1357 2885 cor·

196 2931 338 3017 poralem
367 2931 599 3015 possessionem
629 2931 708 2995 dicti
744 2933 921 2996 tenementi
951 2954 1025 2997 cum
1053 2931 1267 3016 pertinentiis,
1297 2951 1358 3015 per

197 3045 337 3108 similem
366 3044 572 3108 traditionem
601 3052 683 3108 terre
712 3051 746 3108 et
774 3043 902 3127 lapidis,
931 3044 1072 3120 tradidit,
1102 3049 1135 3108 et
1164 3042 1358 3107 deliberauit

197 3157 433 3241 imperpetuum
449 3157 471 3220 J
473 3156 592 3221 ohanni
613 3156 724 3240 Curry‚
739 3156 872 3241 pauperi
885 3155 1054 3240 hospitalis
1070 3155 1180 3219 Sancti
1194 3153 1356 3232 Nieholai,

197 3274 230 3331 et
245 3269 478 3334 successoribus
490 3269 556 3332 suis
567 3268 711 3332 fundatis
722 3269 758 3331 in
769 3268 879 3333 eodem
890 3290 947 3353 per
956 3268 1149 3352 Megistnrm
1160 3264 1357 3331 Michaelem

196 3377 342 3462 Flemyn,
368 3387 401 3444 et
429 3379 512 3444 lecto
538 3379 618 3444 dieti
647 3379 794 3463 Magistri
824 3379 1001 3456 Michaelis,
1031 3386 1186 3461 tanquam
1215 3376 1356 3442 dominis

196 3491 297 3552 annui
318 3491 463 3555 redditus
486 3491 565 3555 dicti
595 3491 780 3568 tenementi,
802 3512 839 3555 ao
860 3492 971 3575 primis
993 3490 1131 3554 dominis
1153 3487 1356 3554 hereditariis

196 3598 348 3676 eiusdem,
363 3621 382 3662 a
405 3602 522 3683 quibus
544 3576 623 3667 alias
646 3602 769 3666 dictum
784 3609 1004 3668 tenementum
1019 3602 1054 3664 in
1071 3600 1248 3665 feodifirma
1269 3620 1357 3666 asse·

197 3709 309 3772 datum
324 3719 392 3774 erat
414 3711 510 3776 dietis
532 3713 654 3776 Dauidi
676 3721 709 3778 et
723 3715 860 3798 Agneti:
884 3715 987 3779 Peeiit
1008 3714 1094 3778 idem
1110 3713 1213 3796 Curry
1234 3712 1357 3777 instru-

196 3826 322 3883 menta:
353 3821 438 3885 Acta
461 3822 547 3905 apud
570 3824 656 3888 idem
676 3831 907 3902 tenementum,
930 3825 1007 3889 hora
1030 3825 1122 3908 quasi
1146 3829 1260 3906 quarta
1281 3833 1359 3906 post

195 3930 379 4009 meridiem;
408 3932 554 4009 testibus,
583 3935 705 3998 Thema
734 3936 891 4020 Hugonis,
920 3937 1053 4014 iuniore,
1076 3936 1207 4001 Andrea
1235 3934 1357 4013 Forest,

195 4042 219 4105 J
219 4041 316 4105 acoho
332 4040 504 4119 Kirldand,
519 4049 552 4107 et
566 4044 597 4107 N
600 4044 723 4110 icholao
738 4047 855 4117 Broun.
