2994 4936
225 418 288 482 158
697 430 904 479 enorooonnn

59 615 117 654 ao.
134 604 207 656 loos.
222 589 474 673 resignacionem
496 588 709 671 acceptantis:
731 587 880 652 Preterea
900 586 1104 652 renunciauit
1121 595 1155 652 et
1176 587 1274 652 cessit
1292 587 1381 672 judi·

222 699 354 776 cialiter,
369 706 402 764 et
417 700 452 763 in
468 699 616 764 absencia
630 698 710 763 dieti
732 698 783 762 sui
805 698 921 774 mariti,
937 699 1027 762 omni
1042 699 1118 783 juri,
1134 704 1202 774 etc,
1217 699 1304 782 quod
1318 699 1381 763 sibi

222 811 433 896 quouismodo
462 811 637 894 competiit,
667 817 723 873 aut
751 809 787 872 in
816 809 963 872 futurum
992 818 1172 893 competere
1197 811 1318 893 poterit
1346 811 1380 874 in

223 923 352 1000 eisdem,
378 923 502 986 racione
533 942 590 985 666
619 922 729 985 166616
758 920 988 985 infeodscionis
1017 921 1053 984 in
1082 921 1221 1001 eisdem3
1250 922 1382 1005 insuper

223 1034 318 1099 tactis
347 1055 405 1118 per
433 1054 504 1098 eam
526 1033 566 1096 ob
591 1033 651 1097 hoc
678 1031 881 1114 corporaliter
907 1031 1079 1115 Scripturis
1106 1033 1325 1110 sacrosanctis,
1346 1033 1382 1098 in

223 1145 371 1208 manibus
394 1143 473 1208 dicti
496 1143 618 1207 domini
640 1142 792 1219 officialis,
808 1149 840 1207 et
861 1142 903 1206 sd
926 1143 995 1207 eius
1017 1143 1207 1206 mandatum
1229 1144 1270 1208 ad
1292 1164 1382 1209 sacra

222 1256 287 1319 Dei
316 1253 484 1338 euangelia
508 1254 641 1337 jurauit,
671 1253 757 1337 quod
788 1253 829 1317 ed
858 1253 1045 1317 huiusmodi
1074 1254 1326 1339 resignacionem
1348 1261 1382 1321 et

221 1365 499 1430 renunciacionem
511 1364 699 1441 faciendam,
714 1384 779 1427 non
793 1364 857 1427 fuit
871 1364 1082 1446 quouismodo
1097 1372 1186 1430 metu
1195 1367 1304 1430 mariti
1320 1366 1381 1444 661,

222 1483 279 1539 661
300 1475 510 1558 quouismodo
532 1474 612 1538 alias
635 1480 752 1551 coacta,
768 1475 824 1538 sed
845 1474 880 1538 id
902 1475 980 1540 fecit
1001 1481 1124 1559 sponte,
1141 1476 1248 1560 gratis,
1262 1476 1382 1559 libere;

222 1594 256 1650 et
269 1586 355 1668 quod
377 1586 412 1649 in
427 1587 572 1648 futurum
587 1605 754 1667 nunquam
768 1606 825 1668 per
847 1606 881 1650 se
903 1594 960 1650 aut
980 1607 1054 1651 suos
1077 1587 1235 1665 deueniet,
1250 1587 1380 1671 publice

222 1697 276 1762 vel
304 1705 420 1780 aperte,
446 1697 481 1760 in
506 1696 629 1780 judicio
658 1696 712 1760 vel
741 1703 841 1773 extra,
871 1696 987 1780 quouis
1016 1698 1151 1780 quesite,
1180 1697 1294 1775 colore,
1323 1707 1381 1765 aut

222 1808 359 1892 ingenio,
389 1815 499 1873 contra
527 1807 713 1871 huiusmodi
741 1808 992 1891 resignacionem
1022 1817 1055 1872 61
1083 1809 1383 1876 renunciacionem:

223 1920 326 1984 Peciit
351 1920 517 1985 Johannes
543 1919 719 2003 Lekprivik
744 1918 785 1983 de
815 1918 984 1983 Goldinlec
1011 1919 1234 1997 instrumenta,
1260 1921 1380 2004 quibus

223 2031 329 2095 dictus
345 2031 494 2095 dominus
510 2030 653 2095 officialis
676 2050 771 2094 suum
794 2029 936 2114 sigillum
955 2030 1145 2094 officialatus
1161 2030 1381 2116 Glnsgnensis,

222 2149 426 2224 procmatum
451 2162 508 2225 per
533 2142 656 2206 dictum
680 2141 861 2224 Lelrprevik
887 2148 920 2204 et
946 2161 1132 2206 concessum
1158 2162 1215 2225 per
1240 2143 1380 2208 eundem

222 2253 399 2329 officialem,
413 2253 561 2336 promisit
575 2250 771 2335 appendere:
794 2254 878 2314 Acta
892 2251 926 2314 in
942 2252 1074 2316 ciuitate
1090 2251 1292 2336 Glssguensi,
1307 2255 1380 2319 vico

220 2361 252 2426 16
281 2364 423 2446 Drigste,
450 2363 535 2425 intra
559 2382 678 2425 nouam
704 2361 943 2426 edificacionem
968 2363 1049 2427 dicti
1075 2362 1197 2427 domini
1224 2364 1381 2445 officialis,

221 2473 298 2536 hora
322 2473 415 2555 quasi
444 2472 559 2555 quinta
584 2480 657 2554 post
685 2473 853 2537 meridiem
860 2496 868 2551 ;
898 2474 1044 2550 testibus,
1069 2474 1199 2538 domino
1228 2474 1380 2542 Jchanne

223 2583 368 2648 Maxvell
391 2585 429 2647 de
453 2584 582 2646 Neddcr
605 2582 727 2658 Pollok,
743 2584 854 2660 milite,
871 2585 1020 2648 Johanne
1043 2584 1189 2650 Maxvell
1211 2585 1251 2651 (16
1272 2587 1379 2652 Akin-

222 2694 312 2770 hedo,
328 2695 373 2758 M.
397 2693 591 2758 Archibaldo
615 2694 789 2770 Crawfurd,
811 2696 929 2758 vicario
955 2696 995 2759 de
1021 2696 1149 2772 Erskin,
1171 2696 1217 2761 M.
1240 2696 1380 2764 Roberto

223 2805 384 2883 Maxwell,
410 2804 576 2869 Willelmo
603 2804 755 2880 Steward,
781 2805 933 2889 burgensi
963 2807 1164 2891 Glasguensi,
1186 2816 1220 2873 et
1248 2808 1380 2875 domino

222 2917 406 2982 Alexandro
422 2917 524 2992 blare,
538 2916 661 2980 notario
675 2914 812 2999 publice.

651 3200 723 3266 205.
747 3201 945 3267 annnvm

265 3376 370 3451 Anno,
394 3373 455 3451 die,
479 3394 598 3451 mense,
627 3373 811 3451 indictione,
836 3375 1034 3458 pontificatu,
1057 3375 1142 3453 hors,
1169 3375 1248 3454 loco,
1271 3395 1376 3440 coram

222 3487 357 3550 testibus
380 3486 498 3568 quibus
521 3506 616 3569 supra
639 3486 833 3563 immediate,
857 3506 962 3550 coram
986 3486 1071 3550 dicto
1095 3487 1226 3551 domino
1249 3485 1378 3552 officiali

221 3595 422 3678 Glasguensi,
437 3596 472 3658 in
491 3597 613 3678 judicio
635 3617 692 3679 pro
715 3597 869 3661 tribunali
891 3598 1031 3675 sedente,
1046 3597 1195 3663 dominus
1210 3598 1379 3664 Johannes

222 3704 366 3768 Maxuell
387 3704 428 3769 (16
451 3706 580 3770 Neddcr
601 3707 724 3784 Pollok,
747 3707 849 3785 miles,
871 3708 963 3774 heres
987 3709 1131 3775 talliatus
1157 3716 1315 3774 terrarum
1336 3710 1379 3777 (16

221 3812 392 3879 Goldinlec
414 3835 488 3878 cum
504 3815 719 3898 pertinenciis,
734 3839 799 3881 non
813 3820 848 3882 vi
863 3829 920 3883 sut
934 3827 1024 3885 motu
1039 3821 1165 3898 ductus,
1180 3829 1218 3885 ut
1232 3823 1380 3901 asseruit,

220 3933 287 4001 etc,
309 3924 366 3988 sed
391 3925 540 3989 omnibus
566 3924 752 3989 melioribus
778 3929 880 4005 modo,
906 3932 967 4008 via,
987 3933 1068 4015 jure,
1095 3952 1192 3997 causa
1217 3940 1251 3997 et
1276 3933 1379 3999 forms

220 4035 337 4119 quibus
363 4034 488 4111 melius,
510 4042 578 4111 etc,
600 4036 749 4112 cessauit,
776 4038 967 4118 annullanit,
993 4043 1089 4108 cessit
1114 4050 1148 4108 61
1173 4045 1380 4110 renunciauit

219 4145 316 4222 161116,
332 4145 394 4208 sibi
416 4153 449 4210 61
474 4145 541 4208 6616
563 4144 733 4209 herodibus
755 4147 847 4223 facte,
870 4149 909 4214 de
931 4153 1024 4217 terris
1046 4154 1086 4219 de
1110 4153 1280 4221 Goldiniee
1302 4176 1379 4221 oum

219 4255 434 4343 pertinenciis,
453 4255 634 4339 jacentibus
656 4255 690 4318 in
713 4256 856 4321 dominio
878 4259 918 4325 de
941 4262 1106 4341 Oatbkert,
1128 4273 1162 4329 et
1183 4266 1270 4331 intra
1290 4266 1379 4333 vics-

149 4452 155 4471 ,
220 4368 407 4435 comitatum
435 4366 476 4433 (16
509 4365 666 4443 manes,
696 4372 731 4432 61
758 4368 908 4434 omnibns
944 4376 1211 4442 concernentibus
1240 4377 1378 4445 eandem
