2994 4936
222 409 284 472 168
695 427 901 476 rnorocoma

58 609 115 647 an.
133 597 205 646 1506.
222 583 377 666 Magister
394 583 563 653 Rolaudus
587 592 620 648 et
643 586 796 668 assignati
822 585 882 661 sni,
906 606 1029 649 annuos
1054 586 1200 650 redditus
1226 593 1259 650 et
1281 606 1378 652 onera

221 696 310 778 prius
326 696 434 760 debita
449 704 481 761 et
496 704 655 775 consueta,
671 705 703 762 et
719 698 759 762 de
774 697 894 761 eisdem
914 698 1007 760 terris
1022 698 1195 761 exeuncia:
1218 698 1378 776 Quarum·

222 807 353 890 quidem
380 809 478 871 trium
504 810 652 872 rodarum
678 830 752 873 cum
777 808 993 892 pertinenciis,
1019 808 1171 872 saisinam
1198 815 1231 873 et
1257 816 1378 873 statum

222 918 458 995 hereditarium,
489 942 613 985 necnon
642 922 760 984 realem
788 921 947 984 actualem
972 928 1005 984 et
1035 921 1230 1004 corporalem
1255 941 1380 1004 posses-

224 1031 355 1107 sionem,
370 1034 455 1094 t'a‘cta
477 1032 625 1115 primitus
649 1053 776 1094 sursum
798 1031 939 1107 dacione,
954 1052 1097 1115 puraque
1120 1032 1260 1116 simplici
1274 1033 1380 1116 resig-

225 1143 357 1206 naeione
384 1143 565 1218 earundem,
580 1164 637 1225 per
662 1144 785 1206 dictum
808 1143 992 1206 Johanuem
1018 1144 1051 1205 in
1078 1144 1227 1207 manibus
1251 1145 1380 1208 discreti

224 1255 285 1317 viri
302 1255 325 1317 J
326 1254 461 1317 ohannis
475 1255 624 1331 Graham,
632 1255 748 1318 balliui
763 1262 795 1318 et
810 1275 846 1318 eo
862 1255 992 1317 nomine
1004 1256 1038 1317 in
1052 1255 1112 1320 hac
1123 1262 1213 1339 parte
1224 1261 1381 1320 terrarum

226 1366 265 1429 de
285 1364 316 1428 le
340 1365 508 1448 Subdenys
530 1366 616 1441 land,
631 1365 813 1449 specialiter
834 1365 1012 1442 constituti,
1034 1367 1220 1430 huiusmodi
1241 1368 1382 1451 resigna·

226 1477 351 1540 cionem
366 1477 471 1560 vigore
487 1477 537 1540 sni
556 1478 653 1540 officii
675 1477 879 1560 acceptantis,
895 1477 1065 1560 ipsumque
1080 1477 1263 1542 Jobannem
1280 1476 1382 1563 Inglis

226 1596 260 1652 ct
281 1588 412 1651 heredes
435 1609 509 1652 suos
531 1594 620 1652 statu
641 1588 832 1652 hereditario
855 1595 888 1652 et
905 1589 1023 1652 saisina
1038 1589 1211 1653 earundem
1226 1589 1384 1666 exueritis,

227 1699 435 1763 deuestientis
450 1706 483 1762 et
498 1700 717 1775 dissaisientis,
734 1699 866 1762 tradidit
880 1709 912 1763 ct
927 1700 1010 1762 tradi
1025 1700 1101 1763 fecit
1115 1700 1201 1764 idem
1216 1699 1384 1764 lohannes

168 1825 171 1832 ·
229 1810 338 1894 Inglis,
351 1832 407 1894 per
422 1818 537 1874 terram
553 1832 690 1875 massam
702 1819 734 1875 et
748 1811 880 1894 lapides,
890 1818 928 1873 ut
942 1812 1039 1874 moris
1054 1818 1111 1887 est,
1126 1812 1384 1895 prenominatum

228 1923 250 1985 J
252 1923 410 1985 ohannem
427 1923 575 1999 Graham,
590 1922 747 1985 balliuum
763 1929 795 1986 et
809 1943 846 1986 eo
862 1921 991 1985 nomine
1006 1922 1041 1985 in
1052 1922 1112 1986 hoc
1123 1930 1213 2005 parte
1229 1929 1385 1986 terrarum
1431 1964 1436 1971 -

228 2033 268 2097 de
284 2033 520 2097 Subdeuislaud
535 2034 714 2117 specialiter
730 2034 949 2107 constitutum,
961 2053 1018 2115 per
1032 2033 1239 2097 tradicionem
1254 2040 1337 2098 terre
1352 2041 1404 2125 ot.

228 2145 354 2229 lapidis,
370 2155 407 2209 ut
422 2147 517 2208 nroris
534 2154 590 2223 est,
605 2147 728 2229 prefato
744 2145 898 2227 Magistro
922 2143 1067 2208 Rolando
1086 2150 1117 2208 et
1133 2145 1200 2208 suis
1215 2145 1386 2229 assignatis

229 2257 474 2339 imperpetuum,
499 2256 588 2319 saluo
608 2257 681 2339 jure
711 2256 899 2319 cuiuslibet:
926 2255 1084 2319 Soluturis
1113 2256 1188 2320 inde
1217 2257 1386 2321 annuatim

230 2387 352 2428 annuos
369 2367 511 2429 redditus
527 2372 560 2429 et
575 2387 671 2429 onera
686 2367 726 2430 dc
741 2367 860 2430 eisdem
876 2366 969 2430 terris
988 2367 1077 2450 prius
1099 2368 1262 2444 exeuncia,
1277 2367 1388 2433 debita

230 2482 263 2539 et
285 2485 452 2539 consueta:
477 2479 717 2559 Consequenter
738 2477 824 2541 idem
847 2477 1047 2542 subdecanus
1067 2478 1243 2562 resignarit
1256 2479 1387 2544 feodum

230 2587 387 2649 dictarum
410 2588 509 2648 trium
532 2587 679 2649 rodarum
702 2589 736 2649 in
760 2590 909 2652 manibus
932 2590 1011 2652 dicti
1034 2589 1166 2653 balliui:
1189 2590 1388 2675 Postquam

230 2697 479 2780 rosignacionem
503 2698 620 2761 sectam
643 2705 675 2762 et
697 2707 866 2782 receptam,
885 2701 969 2763 idem
992 2701 1132 2765 balliuus
1154 2700 1245 2765 dedit
1266 2710 1388 2767 statum

231 2809 467 2883 hereditarium,
497 2818 529 2872 et
559 2810 718 2885 saisinam,
749 2817 781 2874 et
815 2811 1008 2893 corporalem
1041 2811 1273 2894 possessionem
1302 2813 1388 2879 feodi

232 2921 389 2985 dictarum
405 2922 560 2998 rodarum,
583 2942 640 3004 per
661 2929 777 2985 terram
800 2942 937 2984 massam
952 2930 985 2985 ct
1007 2921 1138 3004 lapides,
1153 2929 1190 2986 vt
1211 2924 1307 2987 moris
1331 2932 1389 3002 est,

233 3035 362 3098 domino
386 3034 552 3097 Willelrno
580 3032 776 3107 Gartschore,
802 3032 974 3115 capellano,
1000 3033 1129 3097 nomine
1155 3032 1294 3110 ecclesie,
1321 3035 1389 3099 cui·

233 3168 360 3230 cunque
390 3145 574 3228 particulari
603 3144 734 3209 ecclesie
764 3145 897 3208 seruicia
927 3153 984 3208 aut
1017 3145 1118 3221 altari,
1147 3166 1203 3228 pro
1231 3144 1324 3209 libito
1354 3154 1388 3209 et

233 3259 362 3322 arbitrio
385 3258 463 3321 dicti
486 3257 667 3332 subdecani,
686 3256 813 3339 quando
836 3256 897 3320 sibi
919 3256 1034 3320 melius
1056 3257 1216 3321 videbitur
1236 3254 1386 3338 expedire

233 3370 434 3454 applicandi:
457 3370 660 3434 Reseruando
684 3370 746 3433 sibi
773 3369 960 3444 subdecano,
986 3376 1133 3451 prototo
1157 3375 1297 3451 tempore
1318 3367 1387 3432 vite

233 3502 298 3557 sue,
322 3483 511 3545 tantumodo
538 3483 636 3546 libere
662 3488 845 3546 tenemento
871 3480 939 3544 siue
966 3479 1106 3543 dominio
1131 3479 1206 3544 vtlli
1231 3478 1389 3544 dictarum

233 3592 331 3653 trium
360 3592 527 3655 rodarum:
561 3593 663 3656 I‘eciit
693 3593 778 3657 idern
808 3591 1008 3655 subdecanus
1037 3592 1269 3656 instrumenta:
1305 3591 1391 3657 Aeta

234 3720 329 3781 super
358 3701 461 3762 solum
491 3701 649 3765 dictarum
675 3711 829 3766 terrarum
859 3702 936 3765 hora
965 3703 997 3785 xj
1029 3710 1102 3766 aute
1132 3702 1308 3780 meridiem,
1336 3703 1391 3768 vel

233 3810 355 3872 eacirea
364 3833 371 3885 ;
394 3810 540 3885 testibus,
556 3810 661 3874 Alano
678 3813 764 3889 IIall,
780 3813 900 3875 Thoma
916 3814 1042 3895 Steyne,
1058 3821 1091 3877 et
1104 3814 1126 3877 J
1128 3813 1225 3877 aoobo
1240 3814 1346 3898 Doby.

650 4083 720 4144 216.
745 4082 971 4147 Sunoacauus.

277 4251 380 4326 Auno,
418 4251 479 4327 die,
517 4273 634 4327 mense,
672 4253 855 4333 indictione,
892 4256 1091 4339 pontificatu,
1120 4259 1240 4343 quibus
1276 4279 1391 4344 supra:

232 4363 359 4428 Alanus
389 4362 475 4438 Ilall,
505 4363 587 4428 ciuis
616 4363 833 4447 Glasguensis,
863 4375 897 4433 et
927 4367 1107 4450 Margareta
1143 4371 1304 4436 Robnone
1331 4389 1393 4435 sua
