2994 4936
726 436 932 485 Paorocouun

699 645 769 708 588.
794 644 956 707 Srnunno.

293 818 356 881 Die
384 819 482 894 Lune,
500 818 558 880 xix
581 816 777 893 Decembris,
791 837 875 879 anno
899 814 1033 878 Domini
1055 815 1230 880 millesimo
1254 815 1401 899 quingen·

250 929 364 992 tesimo
390 929 620 1004 decimoterci0‚
646 927 822 991 indictione
852 929 895 1004 2²,
921 927 1125 1010 pontificatus
1152 927 1270 991 Leonis
1296 924 1402 990 decimi

250 1061 334 1103 anno
349 1041 460 1125 primo,
476 1049 509 1105 et
524 1041 613 1124 regni
628 1040 650 1105 J
652 1040 743 1103 acobi
757 1039 865 1122 quinti
880 1059 963 1101 anno
978 1016 1091 1121 primo,
1105 1038 1141 1101 in
1155 1037 1228 1102 loco
1243 1035 1402 1121 capitulari

250 1151 382 1216 ecclesie
413 1151 630 1236 Glasguensis‚
656 1151 733 1214 hora
763 1150 856 1232 quasi
881 1149 913 1232 xj
945 1155 1020 1213 ante
1049 1149 1218 1213 meridiem
1240 1148 1296 1213 vel
1320 1149 1403 1222 eirea

250 1264 387 1326 testibus
403 1264 568 1345 Magistris
592 1270 625 1326 et
643 1262 781 1325 dominis
796 1262 818 1324 J
820 1261 917 1324 accbo
932 1260 964 1323 N
965 1261 1075 1337 eilson,
1089 1260 1112 1324 J
1114 1261 1211 1324 acobo
1229 1260 1404 1333 Houstonn,

252 1373 389 1436 Patricio
412 1372 570 1448 Talliefor,
595 1372 717 1436 Thema
741 1372 889 1435 Forsith:
913 1371 1069 1454 Magister
1090 1370 1245 1434 Metheus
1270 1367 1405 1434 Stenard

250 1483 389 1547 meamus
426 1483 466 1547 de
504 1482 678 1566 Mayboile,
709 1491 877 1546 accusatus
909 1503 967 1565 per
998 1482 1193 1565 Magistrum
1225 1481 1404 1546 Johannem

252 1594 394 1678 Spreule,
410 1595 629 1657 comissarium
651 1595 686 1657 in
708 1594 768 1657 hac
790 1601 880 1677 parte
895 1592 1152 1658 reuerendissimi
1173 1593 1277 1676 patris
1298 1590 1406 1657 Jacobi

253 1705 460 1789 Glasguensis
483 1705 720 1787 archiepiscopi,
743 1704 923 1787 specialiter
948 1705 989 1768 ab
1012 1725 1048 1767 eo
1071 1703 1111 1766 od
1133 1703 1168 1766 id
1190 1703 1406 1778 constitutum,

253 1838 349 1901 super
375 1838 440 1880 non
466 1816 639 1880 residentia
661 1815 747 1898 apud
770 1837 862 1879 suram
882 1814 1057 1891 ecelesiam,
1072 1813 1125 1878 vel
1146 1815 1408 1879 invniuersitate

254 1929 456 2012 Glasguensi,
483 1949 579 1993 causa
608 1928 718 2004 studii,
741 1928 834 1991 iuxta
860 1927 995 1990 formam
1023 1926 1120 1991 edicti
1146 1925 1271 2010 publici
1296 1924 1409 2010 prefati

253 2041 511 2105 reuerendissinri
536 2040 645 2123 patris,
667 2038 825 2122 publicati
850 2039 885 2101 in
908 2059 966 2101 sua
987 2038 1102 2101 vltima
1125 2036 1238 2100 sinodo
1264 2045 1358 2102 tenta
1377 2037 1410 2098 in

254 2151 388 2215 ecelesia
413 2150 614 2234 Glasguensi,
629 2171 665 2213 ac
692 2170 787 2233 super
813 2150 979 2213 temerario
1005 2148 1157 2213 exercitio
1182 2148 1411 2213 iurisdictionis

254 2263 294 2325 de
317 2261 476 2338 Kilbride,
496 2262 617 2344 absque
639 2261 790 2324 mandato
814 2281 850 2324 ac
873 2261 1053 2324 sufficiente
1074 2265 1234 2343 potestate
1257 2258 1411 2333 habentis,

255 2381 360 2435 stante
384 2373 531 2436 beneficii
554 2373 593 2435 de
610 2372 758 2436 Kilbridc
780 2373 950 2450 vacancia;
972 2372 1114 2434 monitus
1138 2392 1195 2454 por
1213 2370 1341 2435 dietum
1362 2391 1412 2435 oo-

254 2482 435 2544 missarium
459 2483 519 2544 sub
541 2503 624 2564 pena
646 2484 873 2566 suspensionis,
888 2504 928 2546 nc
944 2484 985 2546 ab
1000 2491 1078 2546 tunc
1100 2483 1231 2546 inantea
1253 2481 1413 2546 intremit

255 2599 337 2655 teret
360 2612 434 2653 eum
456 2592 611 2655 exercicio
626 2595 768 2674 predicto
784 2594 1022 2670 iurisdictionis,
1037 2600 1143 2657 stante
1158 2594 1309 2658 evocant-ia
1332 2593 1414 2658 dicte

256 2701 423 2786 prebende,
440 2702 492 2764 cui
516 2701 614 2764 etiam
638 2702 773 2766 instanti
797 2705 943 2768 decretus
967 2712 1015 2768 est
1039 2705 1168 2769 libellus
1192 2706 1228 2768 in
1252 2705 1415 2788 premissis

255 2836 312 2899 per
336 2814 459 2878 dictum
483 2813 702 2877 comissarium
718 2815 840 2890 cidari,
856 2826 888 2879 ot
904 2816 1059 2880 terminus
1084 2816 1124 2879 ad
1148 2816 1414 2898 respondendum,

256 2927 361 2992 eidem
383 2927 563 3010 assignatus
579 2925 648 2990 dies
665 2927 795 2989 Sublati
811 2935 930 2991 extunc
946 2928 1088 3010 proxime
1111 2928 1248 3002 futurus,
1264 2927 1413 3011 opposuit

257 3061 299 3117 sa,
325 3047 358 3103 et
385 3039 536 3103 dissensit
562 3039 768 3121 assignationi
796 3047 861 3101 tum
887 3039 994 3102 breuis
1019 3032 1148 3103 tcrmirii
1173 3038 1235 3101 sibi
1261 3039 1347 3103 sacta
1376 3038 1415 3103 ad

256 3152 514 3234 respondendum
537 3151 721 3213 huiusmodi
744 3150 870 3228 libello;
894 3158 1088 3232 protestatus
1107 3150 1282 3214 solenniter
1305 3151 1347 3215 de
1368 3172 1415 3215 re·

257 3263 362 3326 modio
380 3262 472 3344 juris,
488 3263 554 3325 suis
578 3271 720 3344 ternpore
742 3269 775 3325 ot
797 3262 866 3325 leco
882 3261 1111 3344 prosequendis
1127 3270 1159 3325 et
1174 3261 1370 3339 obtinendis,
1384 3270 1417 3327 et

257 3394 352 3456 supor
375 3374 545 3455 promissis
562 3382 595 3436 et
619 3374 704 3455 quod
727 3373 832 3437 dietus
856 3373 1057 3436 cornissarius
1079 3374 1204 3436 monuit
1218 3373 1329 3456 ipsum
1351 3395 1416 3437 non

193 3502 203 3519 ⁸
257 3484 470 3547 intromittere
485 3505 559 3547 curn
574 3484 757 3548 liuiusnrodi
779 3484 1007 3559 iurisdictione,
1023 3493 1060 3546 ut
1075 3505 1188 3567 supra:
1211 3484 1315 3549 Pceiit
1330 3486 1416 3551 idam

257 3595 412 3677 Magister
427 3596 579 3659 blutlreus
594 3597 825 3660 instrumenta:
846 3597 930 3659 Acta
944 3605 981 3659 vt
996 3616 1098 3679 supra

544 3870 614 3931 589.
639 3871 1004 3933 Cirnivruun-Vronnn
1028 3872 1142 3934 Oncnr.

301 4042 364 4105 Die
376 4040 515 4115 Sabbati,
528 4043 604 4123 xxvj
622 4043 740 4105 mensis
752 4043 854 4119 Jnnii,
867 4064 950 4107 anno
964 4044 1220 4126 quingentesimo
1232 4043 1301 4126 xij0,
1312 4043 1415 4108 indie·

257 4155 353 4230 tione,
383 4152 580 4235 pontificatu,
604 4158 636 4215 et
665 4174 771 4235 regno,
801 4155 918 4235 ‹pribns
948 4155 1132 4219 immediate
1159 4176 1262 4238 supra,
1286 4155 1321 4218 in
1344 4155 1415 4220 loco

258 4264 427 4348 capitulari
457 4264 657 4345 Glasgucnsi,
681 4264 758 4327 hora
787 4266 879 4345 «prasi
909 4266 1032 4331 decima
1061 4272 1136 4330 anto
1166 4266 1332 4330 meridiem
1362 4266 1416 4331 vel

257 4376 348 4452 circa,
370 4375 506 4440 testibus
529 4374 694 4458 Magistris
718 4384 751 4438 ct
772 4374 910 4440 dorninis
931 4378 1072 4441 blnrtino
1095 4377 1191 4455 Rode,
1206 4378 1314 4442 Adam
1337 4378 1414 4443 (lul-
