2994 4936
252 413 315 478 466
532 403 533 408 ’
604 425 608 437 ·
727 426 935 491 1661666111

88 605 147 643 an·
164 593 237 643 1512.
252 587 370 650 iacenti
394 578 429 648 111
455 586 608 649 suburbio
633 584 787 648 tendente
812 584 854 647 ad
879 583 1023 659 Pontem,
1046 582 1088 646 ad
1109 589 1238 666 partem
1260 581 1404 646 borialem

131 684 198 696 '⁸
253 697 331 761 dicti
353 697 508 774 suburbii,
529 697 615 761 inter
636 703 736 760 terras
758 695 918 759 Willelmi
944 695 1063 758 Baxter
1088 694 1129 757 ad
1151 694 1359 769 occidentem,
1377 698 1405 756 et

779 805 819 869 ad
834 806 1007 870 orientem:
1029 806 1072 869 Et
1087 805 1240 869 similiter
1255 805 1405 868 Robertns

253 919 419 984 Adamson
447 919 623 1002 resignauit
652 917 715 1000 rrijd
744 918 784 982 (16
814 924 998 982 tenemento
1032 937 1090 981 suo
1119 917 1240 980 iacenti
1269 916 1305 979 in
1333 916 1405 978 Vico

254 1030 436 1109 Fullonum,
451 1031 492 1095 ad
506 1037 629 1114 partem
645 1028 833 1093 orientalem
848 1029 1000 1106 eiusdem,
1015 1029 1100 1092 inter
1113 1035 1216 1092 terras

743 1141 787 1203 Et
803 1140 951 1204 similiter
965 1140 1102 1203 Thomas
1117 1139 1225 1222 Bogill
1240 1138 1406 1222 resignauit

256 1254 317 1335 rrijd
332 1253 372 1317 (16
387 1259 570 1316 tenemento
593 1272 651 1315 suo
667 1258 699 1315 et
721 1250 752 1315 le
773 1251 859 1334 rigis,
873 1251 1052 1314 iacentibus
1074 1250 1115 1314 ad
1137 1258 1264 1333 partem
1279 1251 1407 1316 orienta-

256 1363 321 1427 lem
342 1363 415 1426 Vici
438 1363 531 1446 Regii
553 1363 594 1426 ad
617 1383 743 1427 6166616
765 1362 937 1438 166166116,
959 1368 1043 1425 16116
1065 1367 1290 1426 tenementum
1312 1359 1407 1444 capel·

255 1474 341 1538 lanie
357 1474 467 1537 Sancti
482 1473 666 1550 Manchani,
682 1475 766 1538 inter
780 1480 880 1538 terras
895 1473 1070 1556 capellanie
1085 1473 1173 1536 beati
1188 1472 1360 1537 Michaelis
1373 1469 1408 1535 ad

255 1591 409 1660 austrum,
425 1591 458 1649 61
480 1585 642 1668 quondam
663 1584 785 1648 domini
800 1585 960 1648 Johannis
983 1585 1073 1648 Paris
1095 1583 1136 1647 ad
1158 1585 1292 1660 boriam,
1307 1605 1364 1669 per
1381 1582 1408 1646 le

256 1696 336 1780 hosp
366 1704 399 1760 et
428 1696 540 1780 stapla,
571 1696 638 1760 zelo
668 1695 849 1759 deuotionis
879 1716 977 1778 quam
1006 1695 1158 1778 gerebant
1187 1695 1229 1758 ad
1261 1696 1409 1781 Sanctum

258 1808 413 1885 Bochnm,
427 1808 464 1871 in
478 1808 626 1871 manibus
642 1807 720 1871 dicti
731 1806 862 1885 balliui;
885 1811 917 1870 et
928 1807 1044 1869 iterum
1056 1805 1162 1869 dictus
1172 1805 1317 1870 bellinus
1328 1805 1412 1870 dedit

256 1919 411 1983 saisinam
436 1926 469 1983 ct
495 1917 688 2002 corporalem
714 1918 947 2000 possessionem
972 1917 1012 1981 de
1038 1917 1133 1980 dictis
1161 1917 1267 1980 tribus
1296 1917 1411 1992 solidis,

257 2031 457 2115 singillatim,
472 2030 594 2112 prefato
610 2028 782 2112 capellano,
798 2029 927 2092 nomine
942 2029 1083 2102 ecclesie,
1098 2034 1131 2092 61
1146 2028 1213 2093 6616
1228 2027 1412 2093 successori·

134 2214 136 2218 ,
258 2143 319 2206 bus
340 2142 471 2206 nomine
497 2141 582 2205 (11616
605 2140 747 2217 66616616,
769 2146 801 2203 61
824 2161 888 2203 666
910 2139 998 2215 alias,
1020 2140 1115 2217 iuxta
1134 2146 1280 2204 tenorem
1302 2140 1412 2205 sunda·

256 2253 365 2330 tionis,
385 2260 551 2335 utsupra:
574 2253 678 2316 Peciit
699 2252 786 2315 idem
801 2251 959 2314 Murhedc
982 2251 1111 2314 nomine
1133 2270 1191 2314 666
1207 2257 1240 2314 61
1255 2271 1412 2316 successo

258 2385 330 2427 rum
352 2363 582 2427 instrumenta:
605 2364 689 2427 Acta
710 2362 796 2446 apud
814 2362 900 2426 dicta
915 2368 1116 2440 tenementa;
1137 2362 1278 2427 testibus
1301 2363 1414 2446 quibus

258 2473 446 2537 immediate
462 2494 565 2557 supra

482 2803 483 2806 ,
514 2745 584 2807 605.
609 2745 780 2808 iturusne
803 2762 863 2809 166
887 2748 1015 2810 Seuero
1039 2747 1160 2810 Rooao.

304 2918 433 2982 Eisdem
454 2938 512 3001 per
533 2919 657 2981 omnia:
680 2918 839 2982 Dominus
863 2919 1017 3002 Georgius
1040 2921 1236 2984 Drummont
1254 2922 1417 3004 presbiter,

259 3028 381 3094 habens
396 3036 517 3093 statum
533 3036 565 3093 et
581 3030 733 3093 6616111661
745 3031 873 3094 6616166
885 3030 1016 3094 66616616
1032 3038 1064 3094 61
1079 3052 1142 3094 666
1155 3031 1234 3095 alias
1250 3035 1418 3098 cuiusdam

259 3141 438 3206 tenementi
453 3163 527 3205 cum
542 3143 644 3205 cauda
659 3150 691 3206 61
705 3143 918 3225 pertinentiis,
933 3143 1067 3206 iacentis
1082 3143 1122 3206 ad
1142 3152 1266 3226 partem
1281 3147 1418 3211 orienta-

261 3252 326 3316 lem
340 3252 414 3316 Vici
429 3252 521 3335 Regii
536 3252 576 3315 ad
592 3273 717 3316 crucem
732 3253 862 3316 mercati
878 3253 1049 3329 tendentis,
1065 3255 1149 3317 inter
1170 3263 1270 3319 161166
1291 3257 1419 3341 Georgii

262 3363 373 3427 Burell
395 3369 428 3426 ct
450 3363 569 3427 Thome
585 3364 738 3426 Jameson
761 3363 800 3426 ad
823 3364 953 3439 boriam,
969 3370 1001 3427 et
1016 3365 1145 3428 Andrus
1168 3367 1364 3432 Hawistoun
1379 3369 1419 3432 ad

208 3525 213 3536 .
261 3482 415 3549 austrum,
437 3473 620 3557 resignauit,
636 3495 693 3556 por
714 3482 829 3539 terram
852 3483 886 3538 et
906 3475 1038 3558 lapides,
1054 3477 1177 3540 dictum
1197 3484 1420 3545 tenementum

262 3585 296 3647 in
312 3585 459 3648 manibus
471 3585 607 3665 predicti
622 3584 751 3648 bollini:
774 3585 971 3668 Quiquidcm
987 3586 1075 3650 dedit
1090 3595 1210 3651 statum
1222 3594 1255 3652 ct
1267 3590 1419 3654 saisinam

262 3695 476 3772 hereditarios,
504 3703 537 3758 ct
562 3696 758 3778 corporalem
783 3698 1015 3779 possessionem
1040 3698 1118 3762 dicti
1145 3701 1323 3763 tenementi
1346 3723 1420 3765 cum

262 3805 363 3869 cauda
379 3811 411 3868 61
426 3805 639 3888 pertinentiis,
650 3807 771 3888 prefato
787 3807 944 3891 Magistro
955 3808 1065 3872 Dauid
1077 3810 1244 3887 Murhede,
1254 3811 1421 3894 capellano

261 3916 370 3980 futuro
385 3915 495 3979 Sancti
511 3915 622 3991 Roclri,
637 3918 766 3982 nominc
782 3918 914 3983 ecclesie
931 3919 1040 3983 Sancti
1055 3921 1165 3998 Itochi,
1182 3930 1215 3985 et
1230 3927 1420 3989 successori·

261 4030 322 4093 bus
337 4028 413 4104 suis,
428 4034 461 4091 61
476 4048 541 4090 666
556 4027 643 4104 61166,
655 4048 711 4111 pcr
726 4036 843 4094 terram
859 4038 891 4094 61
906 4031 1037 4114 lapides,
1049 4032 1139 4096 saluo
1154 4034 1222 4097 iure
1238 4035 1421 4114 cuiuslibet,

263 4142 517 4224 imperpetuum:
539 4138 698 4203 Soluturis
714 4140 788 4205 inde
805 4143 971 4205 6116661161
983 4164 1078 4207 onera
1094 4152 1260 4208 61666666
1275 4147 1421 4213 redditus

262 4252 352 4335 prius
373 4252 449 4315 inde
471 4255 626 4315 exeuntes
649 4257 682 4315 61
700 4252 784 4316 66161
806 4253 925 4329 6611166,
941 4255 1033 4319 iuxta
1055 4263 1198 4321 tenorem
1219 4258 1421 4324 fundationis

260 4363 337 4426 inde
352 4362 512 4427 faciende:
536 4362 638 4426 Peciit
653 4363 739 4427 idem
755 4363 913 4428 Murhede
935 4366 1064 4431 nomina
1080 4388 1138 4431 suo
1153 4374 1187 4432 et
1201 4389 1421 4436 successomm
