2994 4936
226 441 247 499 4
700 457 905 506 exercebunt

63 611 439 676 ((1.11666666166161116
463 613 503 676 ab
527 615 596 696 ipso
621 615 768 691 Patricio
783 635 863 697 quas
887 614 951 697 ipsi
972 614 1111 679 Patricio
1126 615 1212 692 idem
1227 616 1383 700 Georgius

106 715 171 727 “””“
226 721 399 805 sigillauit:
422 725 525 807 Super
535 726 652 808 quibus
667 727 765 809 peciit
779 726 865 790 idern
882 726 1039 790 Patricius
1051 727 1173 791 Wallcs
1189 726 1384 792 instrumen-

226 841 313 898 tum:
336 836 419 900 Aota
435 843 470 899 vt
486 857 589 919 supro,
604 858 678 901 cum
693 838 830 902 testibus
846 844 1002 921 utsupra,
1018 847 1076 903 etc.

689 1115 716 1176 5.
740 1112 917 1177 anxcnss.

267 1284 365 1346 Anno
379 1284 523 1361 Domini,
538 1293 607 1362 eto,
618 1287 884 1368 quingentesimo,
896 1287 968 1370 viij0
978 1287 1031 1351 die
1045 1287 1165 1351 mensis
1180 1285 1271 1362 Maii,
1281 1287 1383 1351 indie

224 1393 312 1457 tione
327 1396 367 1471 3⁶,
379 1397 585 1478 pontificatus
596 1418 678 1480 pape
689 1397 867 1462 Alexandri
878 1419 961 1482 pape
973 1399 1057 1462 sexti
1070 1398 1244 1482 annoviij0,
1255 1405 1288 1462 ct
1298 1418 1384 1462 anno

224 1505 268 1587 xij
279 1507 369 1589 regni
378 1507 401 1570 J
402 1507 491 1571 ucobi
502 1509 620 1590 quarti:
637 1508 1383 1593 1616611616111616,661661611161661161116166

224 1617 384 1681 Robertus
399 1618 552 1682 Francess
568 1620 607 1683 (16
620 1620 726 1696 Stanc,
737 1621 892 1684 accedens
904 1621 999 1702 juxta
1011 1642 1137 1685 crucem
1148 1620 1280 1684 foralem
1291 1621 1383 1705 burgi

224 1727 263 1792 (16
279 1728 386 1807 Irwin,
399 1730 528 1793 videbat
540 1730 659 1794 ibidem
671 1731 755 1796 bona
766 1752 824 1796 sua
835 1738 868 1796 61
880 1731 1016 1796 aliorum
1028 1753 1158 1796 suorum
1170 1731 1382 1797 tenandorum

223 1844 260 1903 vt
274 1847 362 1924 puta,
377 1863 484 1925 equos,
500 1864 622 1919 vaccas,
636 1843 735 1908 boues
751 1852 784 1908 et
798 1845 992 1923 huiusmodi,
1007 1846 1047 1910 de
1062 1846 1154 1910 terris
1172 1847 1247 1922 suis,
1262 1851 1296 1908 et
1318 1864 1383 1908 non

224 1954 400 2017 secundum
423 1955 566 2019 ordinem
584 1957 675 2039 juris,
691 1964 820 2021 namata
834 1964 867 2022 61
881 1958 1029 2034 adducta,
1044 1959 1105 2022 sub
1120 1957 1252 2021 silencio
1268 1957 1381 2032 noctis,

223 2071 260 2128 vt
274 2067 419 2144 asseruit,
434 2088 491 2150 per
503 2069 675 2151 quemdam
686 2070 709 2133 J
710 2069 868 2133 ohannem
882 2068 1060 2133 Sallarman
1072 2075 1105 2130 et
1116 2087 1189 2131 snos
1202 2064 1382 2147 complices,

223 2198 297 2241 curn
326 2181 415 2261 prius
444 2179 628 2242 huiusmodi
660 2180 742 2241 bona
768 2179 954 2242 debuissent
978 2177 1069 2240 liceri
1093 2185 1127 2240 ct
1152 2175 1255 2238 taxari
1286 2194 1382 2256 super

224 2289 327 2351 solum
343 2296 499 2352 terrarum
515 2308 534 2351 a
548 2289 665 2370 quibus
678 2289 935 2362 extrahebantur,
947 2295 985 2350 ut
996 2285 1145 2350 asseruit:
1169 2284 1282 2361 Quare,
1294 2284 1381 2347 idem

224 2398 382 2461 Robertus
405 2418 424 2461 e
446 2398 533 2462 dioto
555 2398 705 2462 Johanne
727 2398 898 2462 Sollirman
921 2405 954 2462 et
976 2397 1044 2461 suis
1066 2395 1275 2480 complicibus
1292 2394 1380 2460 lesus

223 2516 256 2572 et
278 2509 397 2572 iniuste
416 2516 574 2586 namatus,
588 2516 626 2574 vt
640 2510 785 2586 asseruit,
802 2516 996 2593 protestatus
1011 2517 1060 2574 cst
1075 2509 1114 2573 dc
1129 2507 1270 2573 remedio
1282 2507 1380 2591 juris:

223 2619 327 2703 Super
342 2620 460 2703 quibus
475 2621 573 2704 peciit
589 2621 695 2685 dictus
711 2621 870 2685 Robcrtus
890 2621 1160 2685 instrumentum:
1184 2620 1269 2684 Acta
1288 2619 1383 2703 juxta

223 2752 348 2795 crucem
364 2731 496 2796 foralem
510 2733 602 2816 burgi
617 2732 656 2797 de
672 2733 780 2810 Irwin,
792 2733 869 2796 hora
880 2733 973 2815 quasi
984 2733 1098 2816 quinta
1109 2742 1184 2796 ante
1199 2731 1381 2806 merediem,

222 2844 274 2908 vel
297 2843 425 2920 eaeirca,
440 2845 501 2908 sub
523 2865 616 2922 anno,
636 2851 711 2924 etc.;
734 2845 946 2929 presentibus,
961 2844 1083 2907 Thomu
1107 2844 1228 2927 Hcrvy,
1243 2843 1381 2906 Robcrto

223 2957 300 3033 Ker,
333 2957 462 3020 Simone
497 2957 663 3034 Craulurd,
695 2957 817 3021 Thomu
850 2956 975 3038 Smyth,
1005 2955 1172 3020 Willelmo
1205 2954 1380 3031 Chawmer,

222 3068 371 3134 Johanne
387 3070 468 3134 Ross
483 3076 516 3133 et
531 3069 553 3132 J
555 3069 680 3132 ohanne
695 3067 825 3152 Myllar,
840 3069 987 3132 testibus.

709 3342 736 3403 6.
761 3340 893 3403 1116611.

266 3516 362 3576 Anno
385 3515 527 3591 Domini,
543 3522 611 3591 etc,
626 3514 798 3578 millesimo
813 3513 1080 3597 quingentesimo,
1096 3512 1148 3577 die
1164 3516 1243 3577 xxix
1258 3514 1378 3578 mensis

222 3623 313 3698 Maii,
325 3622 501 3686 indictione
514 3626 555 3699 3⁸,
566 3625 772 3706 pontificatus
784 3645 866 3709 pape
877 3624 1055 3688 Alexandri
1067 3625 1150 3689 sexti
1162 3645 1246 3688 anno
1255 3625 1336 3708 viij0,
1345 3630 1379 3689 61

221 3753 305 3796 anno
327 3735 417 3815 regni
439 3733 553 3796 ‹lacobi
573 3737 680 3817 quarti
696 3737 768 3819 xij⁰z
791 3736 832 3799 In
848 3738 912 3800 mci
927 3737 1043 3801 notarii
1058 3736 1182 3820 publici
1196 3744 1229 3801 et
1244 3737 1377 3801 testium

221 3845 494 3927 infrascriptorum
509 3846 690 3927 presenciis,
702 3846 912 3928 personaliter
925 3848 1059 3911 accessit
1070 3848 1238 3911 Rankinus
1250 3846 1377 3909 Broune

221 3955 262 4019 ad
277 3955 448 4037 quenulam
464 3955 653 4039 partientem
669 3963 760 4032 terre,
776 3957 845 4021 sive
859 3963 1083 4022 tenementum
1101 3978 1204 4033 suum,
1215 3957 1376 4038 jacentem

221 4067 255 4129 in
270 4067 370 4149 burgo
385 4067 424 4130 de
440 4066 545 4142 lrwhr,
557 4067 590 4129 in
603 4075 711 4130 monte
723 4068 885 4131 Gerenoso
897 4068 1049 4145 eiusdem,
1061 4069 1145 4133 inter
1156 4072 1376 4132 tenementum

221 4178 332 4241 Jacobi
352 4178 476 4242 11166116
488 4199 528 4241 ex
540 4186 629 4261 parte
641 4177 754 4241 boriali
765 4178 805 4241 ab
817 4199 889 4255 vna,
900 4188 933 4244 ct
945 4187 1044 4244 terras
1055 4180 1184 4244 Andree
1196 4178 1324 4242 Brounc
1335 4198 1376 4242 ex

220 4296 310 4372 parte
325 4289 457 4353 australi
472 4290 616 4373 portibus
631 4290 672 4353 ab
682 4289 792 4367 altera,
802 4297 836 4354 et
848 4289 967 4355 ibidem
978 4311 1122 4357 asserens
1133 4291 1240 4374 ipsum
1252 4288 1376 4354 dictum

220 4408 440 4467 tenementum
469 4421 538 4466 esse
564 4421 658 4465 suum
686 4408 719 4466 et
744 4400 829 4466 nulli
854 4401 948 4467 alteri
973 4402 1138 4488 pertinere,
1165 4422 1226 4467 neo
1250 4400 1291 4466 (16
1316 4400 1375 4466 1116
