2994 4936
251 442 292 504 20
727 441 933 491 rrrorocorm

84 633 138 670 en
159 622 233 672 1499.
248 610 363 685 Adam,
375 605 578 671 Willelmum
593 601 757 677 Lemmok,
765 600 788 664 J
789 598 950 662 ohannem
960 594 1100 668 Portare,
1112 591 1289 655 Robertum
1300 587 1412 651 Peter·

247 741 324 784 sone
325 718 520 801 ,Georgium
535 715 657 797 Henry,
670 709 930 776 Bartholomcum
944 705 1057 781 Trane,
1068 711 1101 768 et
1112 701 1288 785 Georgium
1299 700 1413 773 lbsne,

246 831 304 914 qui
318 830 421 914 jurati
442 829 557 892 dieunt
578 833 612 889 et
633 823 807 906 deponunt,
822 818 909 903 quod
928 815 1092 900 quondam
1114 812 1264 898 Nigellus
1284 809 1413 890 Pullay,

245 941 344 1005 freter
359 939 497 1004 Isabelle
512 935 639 1018 Pulloy,
649 942 683 997 et
693 932 861 1015 burgensis
876 930 916 994 de
932 928 1039 1004 Irwin,
1051 927 1132 990 obiit
1146 924 1262 989 vltimo
1273 921 1413 986 vestitus

245 1059 280 1115 et
293 1050 434 1125 saisitus,
449 1055 487 1111 vt
501 1046 541 1110 de
556 1044 657 1121 feodo,
669 1043 710 1107 ed
725 1043 823 1106 fidem
837 1049 870 1105 et
884 1060 998 1124 pacem
1012 1038 1137 1102 domini
1151 1035 1253 1100 nostri
1268 1033 1361 1117 regis,
1372 1031 1414 1095 de

244 1161 385 1242 quodam
400 1164 587 1223 tenemento
602 1176 676 1219 cum
687 1152 905 1237 pertinenciis,
918 1153 1045 1235 jacente
1060 1148 1193 1212 indicto
1208 1147 1317 1229 burgo,
1329 1144 1415 1207 infre

244 1276 470 1334 tenementum
492 1265 652 1356 Willelmi
674 1264 794 1329 Bullok
817 1284 857 1327 ex
879 1283 953 1340 vno,
968 1269 1001 1326 et
1016 1280 1221 1326 communem
1243 1256 1416 1331 venellam,

243 1379 405 1462 wlgeriter
431 1385 654 1460 nuncupatem
676 1375 713 1458 ly
735 1374 875 1458 smyddy
896 1374 961 1450 bor,
983 1373 1129 1456 portibus
1156 1371 1197 1434 ob
1223 1369 1341 1433 altere:
1372 1367 1417 1431 Et

243 1488 331 1572 quod
353 1488 443 1552 dicte
464 1486 606 1551 Issbelle
629 1495 680 1550 est
701 1486 848 1570 legitime
869 1492 902 1550 et
923 1483 1134 1568 propinquior
1156 1482 1249 1546 heres
1270 1478 1417 1545 eiusdem

242 1597 409 1682 quondsm
420 1597 554 1680 Nigelli,
565 1597 673 1660 fretris
684 1597 745 1673 sui,
756 1596 796 1661 de
811 1597 898 1660 dicto
909 1602 1095 1660 tenemento
1110 1614 1186 1658 cum
1197 1591 1419 1676 pertinenciis,

242 1715 277 1772 et
290 1707 379 1789 qnod
394 1714 445 1770 est
458 1707 604 1789 legitime
620 1707 725 1783 etatis,
736 1714 770 1770 et
781 1707 869 1790 quod
883 1707 1008 1770 dictum
1018 1711 1243 1769 tenementum
1259 1701 1416 1787 [tenetur]

241 1818 279 1880 in
293 1817 410 1900 capite,
421 1816 463 1880 de
481 1836 633 1899 supremo
648 1816 779 1880 domino
794 1826 902 1881 nostro
917 1837 1009 1901 rege:
1026 1817 1070 1880 Et
1084 1817 1172 1899 quod
1187 1815 1312 1879 dictum
1327 1821 1417 1878 tene·

242 1936 393 1992 mentum
407 1947 484 1990 cum
504 1926 727 2008 pertinenciis,
745 1949 833 1992 nnnc
854 1929 968 1992 existit
990 1928 1025 1991 in
1048 1928 1199 1991 menibus
1221 1925 1418 1988 belliuorum

242 2038 324 2103 dicti
338 2036 442 2121 burgi,
456 2043 616 2118 tanquam
631 2038 667 2100 in
682 2040 833 2102 menibus
848 2039 972 2102 domini
987 2039 1088 2101 nostri
1103 2038 1194 2119 regis,
1210 2056 1286 2098 curn
1301 2035 1417 2098 ceteris

242 2149 377 2232 punctis
398 2147 435 2210 in
455 2146 549 2210 breui
571 2149 752 2212 contentis:
775 2150 913 2230 Insuper
929 2148 1032 2229 jurati
1054 2146 1169 2208 dicunt
1191 2152 1225 2208 et
1239 2145 1416 2225 deponunt,

241 2258 330 2342 quod
345 2256 511 2341 quondam
525 2256 666 2320 Thomas
689 2257 815 2339 Pulley,
831 2264 922 2339 peter
939 2257 1025 2320 dicte
1040 2255 1188 2330 Isebelle,
1203 2254 1285 2317 obiit
1299 2252 1417 2318 ultimo

242 2368 384 2433 vestitus
394 2374 429 2434 et
439 2368 582 2443 saisitus,
593 2376 631 2432 rt
641 2368 682 2432 de
694 2368 796 2444 feodo,
808 2350 958 2431 ailfidem
968 2375 1002 2432 et
1012 2387 1126 2450 pacem
1136 2365 1261 2429 domini
1272 2365 1366 2450 regis,
1377 2365 1418 2430 de

242 2479 441 2543 tenementis
452 2498 517 2562 que
531 2487 723 2562 seruentur,
734 2500 809 2543 oum
823 2479 1042 2562 pertinenciis,
1052 2477 1215 2554 videlicet,
1225 2477 1266 2542 de
1278 2478 1421 2561 quodem

242 2596 440 2659 tenemento,
451 2591 582 2673 jacente
602 2590 640 2653 in
660 2590 749 2654 dicto
771 2592 881 2674 burgo,
903 2591 989 2654 infre
1011 2596 1236 2656 tenementum
1259 2589 1422 2655 Willelmi

242 2696 334 2762 sud
348 2698 392 2763 sb
406 2719 481 2767 inu.
491 2710 524 2765 et
536 2708 761 2766 tenementum
775 2702 799 2765 J
800 2701 938 2765 ohannis
954 2702 1029 2769 Soot
1043 2702 1191 2786 pertibus
1206 2702 1248 2765 eb
1263 2701 1374 2779 altere,
1389 2711 1423 2767 et

241 2807 284 2873 (1(
306 2815 497 2874 tenemento
515 2812 646 2895 jsoente
669 2813 754 2876 infru
773 2813 899 2877 dictum
920 2814 1068 2897 burgum,
1090 2814 1176 2877 infre
1197 2819 1423 2878 tenementum

245 2918 357 2984 lutrio
374 2920 585 3004 Ternpiltouu
607 2923 650 2987 sb
671 2943 746 2999 ins,
768 2932 801 2988 et
823 2931 1048 2988 tenementum
1070 2924 1233 2989 Jobennis
1256 2925 1423 3009 Mawling,

242 3029 394 3115 pertibus
415 3032 459 3095 ub
473 3031 585 3105 sltem,
599 3042 631 3097 et
647 3033 688 3098 de
703 3055 768 3098 ins
783 3034 890 3099 medio
904 3056 978 3099 ecre
992 3043 1085 3112 terre,
1095 3037 1226 3118 jacente
1240 3037 1276 3099 in
1293 3035 1330 3120 ly
1346 3037 1423 3101 Gel-

243 3138 380 3209 lovrbill,
395 3141 483 3209 intur
497 3152 599 3207 terres
614 3154 724 3210 nistre
738 3145 868 3209 domiue
883 3146 926 3210 eb
939 3167 1014 3223 rna,
1029 3154 1063 3210 et
1073 3152 1176 3211 terras
1190 3147 1292 3211 Alani
1315 3148 1423 3212 Hous-

242 3261 326 3315 tuuu
340 3252 491 3335 lentibus
513 3254 556 3318 ub
573 3253 695 3320 sltem:
716 3256 757 3319 Et
773 3256 861 3340 quod
882 3257 971 3321 diets
987 3257 1128 3322 imbelle
1149 3267 1200 3323 est
1220 3259 1369 3342 legitime
1390 3269 1425 3324 et

242 3360 567 3446 propinquissimus
582 3365 729 3432 eiuslern
743 3367 865 3432 Thume
879 3368 981 3451 petris
996 3369 1057 3444 sui,
1070 3368 1110 3434 de
1125 3369 1223 3433 dictis
1237 3372 1332 3435 terris
1347 3391 1423 3435 cum

242 3470 467 3557 restituendis
484 3485 518 3539 (1
541 3477 630 3560 qtmd
652 3488 703 3542 nst
727 3477 871 3562 legitime
895 3480 1010 3543 stetis:
1040 3480 1084 3543 Et
1110 3479 1198 3564 quod
1223 3481 1311 3545 dicte
1340 3488 1425 3548 terre

243 3588 403 3647 tumultur
424 3583 589 3669 incapite
610 3588 652 3652 (1(
674 3588 806 3652 (1((ιιίιιο
829 3598 938 3655 nostro
961 3612 1043 3675 rege,
1065 3600 1098 3656 et
1120 3593 1210 3675 quod
1231 3593 1319 3658 dicte
1341 3599 1426 3659 terre

243 3710 333 3757 nureo
356 3693 505 3759 existunt
531 3696 566 3759 iu
585 3698 736 3761 mnitibus
756 3699 952 3764 lulliuorurn
974 3703 1056 3767 dieti
1076 3703 1180 3787 burgi,
1207 3712 1366 3787 tanquam
1390 3705 1426 3768 in

244 3802 549 3870 mitteremini
578 3808 680 3870 iustu
710 3810 803 3891 regis
830 3830 889 3892 per
917 3822 1054 3877 mortem
1083 3814 1163 3878 dicti
1190 3814 1322 3890 Thome,
1349 3837 1427 3880 cum

242 3914 362 3981 inseris
376 3916 510 3999 putretis
526 3918 560 3980 iu
576 3916 667 3981 breui
687 3921 858 3996 «rurensis,
870 3930 950 3986 etc:
970 3923 1075 4007 Super
1089 3926 1182 3989 cuius
1197 3925 1428 4007 inquisicionis

243 4022 492 4095 stertens-tus,
512 4028 609 4111 puniit
626 4028 863 4093 t‘oustsutiuus
880 4031 1026 4118 Drrnlop,
1040 4035 1223 4119 prelocutor
1244 4036 1333 4101 dicte
1357 4039 1428 4104 Isa-

244 4132 341 4201 lellu
367 4138 499 4202 innititur
526 4138 638 4223 ipsius
660 4138 766 4203 sideru
792 4140 860 4204 tisri
886 4143 1056 4225 publicum
1086 4147 1353 4226 instrumentum,
1373 4152 1429 4215 cui

245 4246 467 4313 metemus
483 4247 654 4314 restrium
664 4249 793 4315 lutens
805 4250 949 4318 lulliuus
964 4256 1265 4331 eutelictns,snum
1279 4259 1429 4343 sigillum

245 4355 393 4442 touton
410 4376 649 4445 sternentis»
661 4380 707 4435 ss,
716 4370 749 4425 et
761 4361 921 4445 iniurius
936 4365 1030 4443 Reid,
1040 4367 1163 4451 collega
1177 4368 1259 4433 dicti
1271 4369 1429 4451 Renlrini,
