<?xml version="1.0" encoding="UTF-8"?>
<!DOCTYPE html PUBLIC "-//W3C//DTD XHTML 1.0 Transitional//EN"
    "http://www.w3.org/TR/xhtml1/DTD/xhtml1-transitional.dtd">
<html xmlns="http://www.w3.org/1999/xhtml" xml:lang="en" lang="en">
 <head>
  <title>
</title>
<meta http-equiv="Content-Type" content="text/html;charset=utf-8" />
  <meta name='ocr-system' content='tesseract 3.04.00' />
  <meta name='ocr-capabilities' content='ocr_page ocr_carea ocr_par ocr_line ocrx_word'/>
</head>
<body>
  <div class='ocr_page' id='page_1' title='image "./liberprotocollo00rogegoog/liberprotocollo00rogegoog_0213.png"; bbox 0 0 2994 4936; ppageno 0'>
   <div class='ocr_carea' id='block_1_1' title="bbox 235 429 920 494">
    <p class='ocr_par' dir='ltr' id='par_1_1' title="bbox 235 429 920 494">
     <span class='ocr_line' id='line_1_1' title="bbox 235 429 920 494; baseline 0.003 -2"><span class='ocrx_word' id='word_1_1' title='bbox 235 429 299 493; x_wconf 87' lang='lat'>204</span> <span class='ocrx_word' id='word_1_2' title='bbox 713 444 920 494; x_wconf 81' lang='lat' dir='ltr'>ruoroconm</span> 
     </span>
    </p>
   </div>
   <div class='ocr_carea' id='block_1_2' title="bbox 70 630 1119 716">
    <p class='ocr_par' dir='ltr' id='par_1_2' title="bbox 70 630 1119 716">
     <span class='ocr_line' id='line_1_2' title="bbox 70 630 1119 716; baseline 0.014 -16"><span class='ocrx_word' id='word_1_3' title='bbox 70 630 232 683; x_wconf 59' lang='lat'>⁸·1‘·¹⁶⁰⁷·&#39;</span> <span class='ocrx_word' id='word_1_4' title='bbox 506 653 577 716; x_wconf 84' lang='lat'>255.</span> <span class='ocrx_word' id='word_1_5' title='bbox 601 653 760 716; x_wconf 84' lang='lat' dir='ltr'>Domuos</span> <span class='ocrx_word' id='word_1_6' title='bbox 785 653 977 716; x_wconf 83' lang='lat' dir='ltr'>Succnuroa</span> <span class='ocrx_word' id='word_1_7' title='bbox 999 650 1119 715; x_wconf 76' lang='lat' dir='ltr'>Curru.</span> 
     </span>
    </p>
   </div>
   <div class='ocr_carea' id='block_1_3' title="bbox 225 824 1390 2687">
    <p class='ocr_par' dir='ltr' id='par_1_3' title="bbox 225 824 1390 2687">
     <span class='ocr_line' id='line_1_3' title="bbox 277 824 1389 909; baseline 0.003 -21"><span class='ocrx_word' id='word_1_8' title='bbox 277 826 341 891; x_wconf 93' lang='lat' dir='ltr'>Die</span> <span class='ocrx_word' id='word_1_9' title='bbox 364 826 488 904; x_wconf 89' lang='lat' dir='ltr'>Martis,</span> <span class='ocrx_word' id='word_1_10' title='bbox 504 826 597 909; x_wconf 79' lang='lat' dir='ltr'>xxiiij</span> <span class='ocrx_word' id='word_1_11' title='bbox 621 825 778 902; x_wconf 85' lang='lat' dir='ltr'>Januarii,</span> <span class='ocrx_word' id='word_1_12' title='bbox 796 846 880 888; x_wconf 89' lang='lat' dir='ltr'>anno</span> <span class='ocrx_word' id='word_1_13' title='bbox 904 824 1160 908; x_wconf 86' lang='lat' dir='ltr'>quingentesimo</span> <span class='ocrx_word' id='word_1_14' title='bbox 1182 825 1264 908; x_wconf 80' lang='lat' dir='ltr'>xfij0,</span> <span class='ocrx_word' id='word_1_15' title='bbox 1287 826 1389 891; x_wconf 93' lang='lat' dir='ltr'>indic-</span> 
     </span>
     <span class='ocr_line' id='line_1_4' title="bbox 234 935 1390 1021; baseline 0.001 -21"><span class='ocrx_word' id='word_1_16' title='bbox 234 937 321 1001; x_wconf 82' lang='lat' dir='ltr'>tione</span> <span class='ocrx_word' id='word_1_17' title='bbox 352 939 393 1014; x_wconf 74' lang='lat'>2⁸,</span> <span class='ocrx_word' id='word_1_18' title='bbox 420 938 625 1021; x_wconf 90' lang='lat' dir='ltr'>pontificatus</span> <span class='ocrx_word' id='word_1_19' title='bbox 652 937 768 1002; x_wconf 81' lang='lat' dir='ltr'>Leonis</span> <span class='ocrx_word' id='word_1_20' title='bbox 794 935 911 1001; x_wconf 79' lang='lat' dir='ltr'>decimi</span> <span class='ocrx_word' id='word_1_21' title='bbox 940 957 1024 999; x_wconf 87' lang='lat' dir='ltr'>enno</span> <span class='ocrx_word' id='word_1_22' title='bbox 1050 936 1161 1018; x_wconf 88' lang='lat' dir='ltr'>primo,</span> <span class='ocrx_word' id='word_1_23' title='bbox 1188 936 1222 998; x_wconf 95' lang='lat' dir='ltr'>in</span> <span class='ocrx_word' id='word_1_24' title='bbox 1251 938 1390 1020; x_wconf 85' lang='lat' dir='ltr'>pretorio</span> 
     </span>
     <span class='ocr_line' id='line_1_5' title="bbox 233 1047 1389 1133; baseline 0.001 -22"><span class='ocrx_word' id='word_1_25' title='bbox 233 1048 325 1132; x_wconf 83' lang='lat' dir='ltr'>burgi</span> <span class='ocrx_word' id='word_1_26' title='bbox 340 1049 379 1113; x_wconf 95' lang='lat' dir='ltr'>de</span> <span class='ocrx_word' id='word_1_27' title='bbox 395 1048 532 1133; x_wconf 77' lang='lat' dir='ltr'>olasgw,</span> <span class='ocrx_word' id='word_1_28' title='bbox 548 1049 583 1112; x_wconf 95' lang='lat' dir='ltr'>in</span> <span class='ocrx_word' id='word_1_29' title='bbox 609 1049 697 1113; x_wconf 88' lang='lat' dir='ltr'>curia</span> <span class='ocrx_word' id='word_1_30' title='bbox 723 1047 854 1131; x_wconf 88' lang='lat' dir='ltr'>capitali</span> <span class='ocrx_word' id='word_1_31' title='bbox 874 1054 964 1112; x_wconf 90' lang='lat' dir='ltr'>tenta</span> <span class='ocrx_word' id='word_1_32' title='bbox 989 1068 1046 1130; x_wconf 90' lang='lat' dir='ltr'>per</span> <span class='ocrx_word' id='word_1_33' title='bbox 1060 1047 1083 1111; x_wconf 82' lang='lat' dir='ltr'>J</span> <span class='ocrx_word' id='word_1_34' title='bbox 1084 1047 1244 1111; x_wconf 90' lang='lat' dir='ltr'>ohannem</span> <span class='ocrx_word' id='word_1_35' title='bbox 1258 1047 1389 1126; x_wconf 63' lang='lat' dir='ltr'>&#39;Schera</span> 
     </span>
     <span class='ocr_line' id='line_1_6' title="bbox 232 1158 1390 1244; baseline 0 -20"><span class='ocrx_word' id='word_1_36' title='bbox 232 1161 445 1243; x_wconf 47' lang='lat' dir='ltr'>prepositum·</span> <span class='ocrx_word' id='word_1_37' title='bbox 459 1161 659 1244; x_wconf 88' lang='lat' dir='ltr'>deputatum,</span> <span class='ocrx_word' id='word_1_38' title='bbox 685 1160 840 1223; x_wconf 89' lang='lat' dir='ltr'>Thomam</span> <span class='ocrx_word' id='word_1_39' title='bbox 870 1159 944 1222; x_wconf 89' lang='lat' dir='ltr'>Law</span> <span class='ocrx_word' id='word_1_40' title='bbox 974 1166 1007 1222; x_wconf 86' lang='lat' dir='ltr'>et</span> <span class='ocrx_word' id='word_1_41' title='bbox 1036 1158 1239 1222; x_wconf 83' lang='lat' dir='ltr'>Willelmum</span> <span class='ocrx_word' id='word_1_42' title='bbox 1269 1159 1390 1224; x_wconf 85' lang='lat' dir='ltr'>Baxtor</span> 
     </span>
     <span class='ocr_line' id='line_1_7' title="bbox 232 1269 1388 1355; baseline 0.002 -21"><span class='ocrx_word' id='word_1_43' title='bbox 232 1271 378 1348; x_wconf 85' lang='lat' dir='ltr'>balliuos,</span> <span class='ocrx_word' id='word_1_44' title='bbox 393 1293 450 1355; x_wconf 93' lang='lat' dir='ltr'>pro</span> <span class='ocrx_word' id='word_1_45' title='bbox 465 1272 620 1336; x_wconf 87' lang='lat' dir='ltr'>tribunali</span> <span class='ocrx_word' id='word_1_46' title='bbox 635 1272 781 1336; x_wconf 75' lang='lat' dir='ltr'>sedentes</span> <span class='ocrx_word' id='word_1_47' title='bbox 797 1271 837 1334; x_wconf 86' lang='lat' dir='ltr'>ed</span> <span class='ocrx_word' id='word_1_48' title='bbox 856 1271 930 1353; x_wconf 89' lang='lat' dir='ltr'>jura</span> <span class='ocrx_word' id='word_1_49' title='bbox 946 1269 1114 1346; x_wconf 89' lang='lat' dir='ltr'>reddenda,</span> <span class='ocrx_word' id='word_1_50' title='bbox 1130 1277 1206 1334; x_wconf 81' lang='lat' dir='ltr'>eto:</span> <span class='ocrx_word' id='word_1_51' title='bbox 1226 1271 1388 1336; x_wconf 85' lang='lat' dir='ltr'>Dominus</span> 
     </span>
     <span class='ocr_line' id='line_1_8' title="bbox 232 1381 1388 1466; baseline 0.003 -22"><span class='ocrx_word' id='word_1_52' title='bbox 232 1382 390 1447; x_wconf 86' lang='lat' dir='ltr'>Robertus</span> <span class='ocrx_word' id='word_1_53' title='bbox 421 1382 517 1446; x_wconf 85' lang='lat' dir='ltr'>Olerk</span> <span class='ocrx_word' id='word_1_54' title='bbox 543 1383 696 1466; x_wconf 86' lang='lat' dir='ltr'>produxit</span> <span class='ocrx_word' id='word_1_55' title='bbox 725 1388 828 1446; x_wconf 87' lang='lat' dir='ltr'>certas</span> <span class='ocrx_word' id='word_1_56' title='bbox 858 1381 1043 1445; x_wconf 86' lang='lat' dir='ltr'>euidencias</span> <span class='ocrx_word' id='word_1_57' title='bbox 1073 1389 1299 1447; x_wconf 75' lang='lat' dir='ltr'>concernentes</span> <span class='ocrx_word' id='word_1_58' title='bbox 1332 1385 1388 1466; x_wconf 89' lang='lat' dir='ltr'>jus</span> 
     </span>
     <span class='ocr_line' id='line_1_9' title="bbox 231 1492 1387 1577; baseline 0.002 -21"><span class='ocrx_word' id='word_1_59' title='bbox 231 1492 459 1557; x_wconf 87' lang='lat' dir='ltr'>hereditarium</span> <span class='ocrx_word' id='word_1_60' title='bbox 486 1494 571 1577; x_wconf 91' lang='lat' dir='ltr'>quod</span> <span class='ocrx_word' id='word_1_61' title='bbox 597 1494 711 1558; x_wconf 87' lang='lat' dir='ltr'>habuit</span> <span class='ocrx_word' id='word_1_62' title='bbox 737 1493 772 1555; x_wconf 92' lang='lat' dir='ltr'>in</span> <span class='ocrx_word' id='word_1_63' title='bbox 797 1499 981 1556; x_wconf 74' lang='lat' dir='ltr'>tenemento</span> <span class='ocrx_word' id='word_1_64' title='bbox 1007 1493 1170 1576; x_wconf 88' lang='lat' dir='ltr'>quondam</span> <span class='ocrx_word' id='word_1_65' title='bbox 1195 1494 1387 1558; x_wconf 86' lang='lat' dir='ltr'>vicariorum</span> 
     </span>
     <span class='ocr_line' id='line_1_10' title="bbox 232 1603 1387 1688; baseline 0.003 -21"><span class='ocrx_word' id='word_1_66' title='bbox 232 1603 319 1668; x_wconf 88' lang='lat' dir='ltr'>chori</span> <span class='ocrx_word' id='word_1_67' title='bbox 348 1605 383 1667; x_wconf 94' lang='lat' dir='ltr'>in</span> <span class='ocrx_word' id='word_1_68' title='bbox 413 1605 546 1669; x_wconf 89' lang='lat' dir='ltr'>ciuitate</span> <span class='ocrx_word' id='word_1_69' title='bbox 569 1604 771 1688; x_wconf 85' lang='lat' dir='ltr'>Glasguensi,</span> <span class='ocrx_word' id='word_1_70' title='bbox 794 1604 836 1667; x_wconf 89' lang='lat' dir='ltr'>ad</span> <span class='ocrx_word' id='word_1_71' title='bbox 872 1610 997 1687; x_wconf 89' lang='lat' dir='ltr'>partem</span> <span class='ocrx_word' id='word_1_72' title='bbox 1026 1604 1181 1668; x_wconf 81' lang='lat' dir='ltr'>borieiem</span> <span class='ocrx_word' id='word_1_73' title='bbox 1210 1606 1387 1670; x_wconf 88' lang='lat' dir='ltr'>tenementi</span> 
     </span>
     <span class='ocr_line' id='line_1_11' title="bbox 231 1715 1388 1800; baseline 0.003 -21"><span class='ocrx_word' id='word_1_74' title='bbox 231 1715 393 1798; x_wconf 91' lang='lat' dir='ltr'>quondam</span> <span class='ocrx_word' id='word_1_75' title='bbox 415 1717 573 1781; x_wconf 89' lang='lat' dir='ltr'>Willelmi</span> <span class='ocrx_word' id='word_1_76' title='bbox 598 1716 727 1781; x_wconf 90' lang='lat' dir='ltr'>Walcar</span> <span class='ocrx_word' id='word_1_77' title='bbox 751 1717 889 1800; x_wconf 89' lang='lat' dir='ltr'>jacento,</span> <span class='ocrx_word' id='word_1_78' title='bbox 914 1735 1021 1779; x_wconf 87' lang='lat' dir='ltr'>coram</span> <span class='ocrx_word' id='word_1_79' title='bbox 1047 1716 1141 1781; x_wconf 87' lang='lat' dir='ltr'>dictis</span> <span class='ocrx_word' id='word_1_80' title='bbox 1167 1717 1328 1800; x_wconf 90' lang='lat' dir='ltr'>preposito</span> <span class='ocrx_word' id='word_1_81' title='bbox 1354 1725 1388 1783; x_wconf 88' lang='lat' dir='ltr'>et</span> 
     </span>
     <span class='ocr_line' id='line_1_12' title="bbox 230 1827 1387 1913; baseline 0.003 -23"><span class='ocrx_word' id='word_1_82' title='bbox 230 1827 370 1906; x_wconf 89' lang='lat' dir='ltr'>balliuis,</span> <span class='ocrx_word' id='word_1_83' title='bbox 395 1830 492 1913; x_wconf 81' lang='lat' dir='ltr'>juxta</span> <span class='ocrx_word' id='word_1_84' title='bbox 520 1836 664 1894; x_wconf 87' lang='lat' dir='ltr'>tenorem</span> <span class='ocrx_word' id='word_1_85' title='bbox 694 1828 862 1893; x_wconf 88' lang='lat' dir='ltr'>cuiusdam</span> <span class='ocrx_word' id='word_1_86' title='bbox 890 1828 954 1892; x_wconf 89' lang='lat' dir='ltr'>acti</span> <span class='ocrx_word' id='word_1_87' title='bbox 984 1828 1120 1910; x_wconf 88' lang='lat' dir='ltr'>desuper</span> <span class='ocrx_word' id='word_1_88' title='bbox 1149 1828 1244 1908; x_wconf 80' lang='lat' dir='ltr'>facti3</span> <span class='ocrx_word' id='word_1_89' title='bbox 1278 1829 1387 1912; x_wconf 85' lang='lat' dir='ltr'>vigore</span> 
     </span>
     <span class='ocr_line' id='line_1_13' title="bbox 231 1939 1386 2024; baseline 0.001 -21"><span class='ocrx_word' id='word_1_90' title='bbox 231 1940 323 2005; x_wconf 89' lang='lat' dir='ltr'>cuius</span> <span class='ocrx_word' id='word_1_91' title='bbox 348 1941 418 2024; x_wconf 91' lang='lat' dir='ltr'>ipse</span> <span class='ocrx_word' id='word_1_92' title='bbox 441 1941 591 2005; x_wconf 91' lang='lat' dir='ltr'>dominus</span> <span class='ocrx_word' id='word_1_93' title='bbox 621 1942 788 2015; x_wconf 86' lang='lat' dir='ltr'>Robertus,</span> <span class='ocrx_word' id='word_1_94' title='bbox 811 1948 844 2005; x_wconf 88' lang='lat' dir='ltr'>et</span> <span class='ocrx_word' id='word_1_95' title='bbox 1054 1939 1130 2003; x_wconf 90' lang='lat' dir='ltr'>Scot</span> <span class='ocrx_word' id='word_1_96' title='bbox 1151 1939 1262 2004; x_wconf 87' lang='lat' dir='ltr'>relicta</span> <span class='ocrx_word' id='word_1_97' title='bbox 1284 1961 1386 2023; x_wconf 90' lang='lat' dir='ltr'>quon·</span> 
     </span>
     <span class='ocr_line' id='line_1_14' title="bbox 230 2050 1385 2135; baseline 0.002 -20"><span class='ocrx_word' id='word_1_98' title='bbox 230 2051 305 2116; x_wconf 85' lang='lat' dir='ltr'>dam</span> <span class='ocrx_word' id='word_1_99' title='bbox 341 2053 500 2117; x_wconf 90' lang='lat' dir='ltr'>Willelmi</span> <span class='ocrx_word' id='word_1_100' title='bbox 540 2053 676 2130; x_wconf 88' lang='lat' dir='ltr'>Walcar,</span> <span class='ocrx_word' id='word_1_101' title='bbox 714 2052 942 2117; x_wconf 85' lang='lat' dir='ltr'>contendentes</span> <span class='ocrx_word' id='word_1_102' title='bbox 983 2050 1144 2127; x_wconf 86' lang='lat' dir='ltr'>hincinde,</span> <span class='ocrx_word' id='word_1_103' title='bbox 1181 2072 1276 2134; x_wconf 91' lang='lat' dir='ltr'>super</span> <span class='ocrx_word' id='word_1_104' title='bbox 1312 2051 1385 2135; x_wconf 87' lang='lat' dir='ltr'>jure</span> 
     </span>
     <span class='ocr_line' id='line_1_15' title="bbox 228 2163 1385 2245; baseline 0 -19"><span class='ocrx_word' id='word_1_105' title='bbox 228 2164 420 2229; x_wconf 87' lang='lat' dir='ltr'>hereditario</span> <span class='ocrx_word' id='word_1_106' title='bbox 457 2164 642 2240; x_wconf 88' lang='lat' dir='ltr'>tenementi,</span> <span class='ocrx_word' id='word_1_107' title='bbox 671 2164 762 2228; x_wconf 88' lang='lat' dir='ltr'>citati</span> <span class='ocrx_word' id='word_1_108' title='bbox 795 2171 886 2227; x_wconf 88' lang='lat' dir='ltr'>erant</span> <span class='ocrx_word' id='word_1_109' title='bbox 917 2163 1137 2245; x_wconf 90' lang='lat' dir='ltr'>peremptorie,</span> <span class='ocrx_word' id='word_1_110' title='bbox 1166 2170 1199 2227; x_wconf 86' lang='lat' dir='ltr'>et</span> <span class='ocrx_word' id='word_1_111' title='bbox 1232 2183 1306 2227; x_wconf 89' lang='lat' dir='ltr'>cum</span> <span class='ocrx_word' id='word_1_112' title='bbox 1334 2163 1385 2226; x_wconf 91' lang='lat' dir='ltr'>in·</span> 
     </span>
     <span class='ocr_line' id='line_1_16' title="bbox 228 2274 1385 2358; baseline 0.001 -19"><span class='ocrx_word' id='word_1_113' title='bbox 228 2276 408 2352; x_wconf 88' lang='lat' dir='ltr'>timacione,</span> <span class='ocrx_word' id='word_1_114' title='bbox 438 2283 471 2339; x_wconf 89' lang='lat' dir='ltr'>et</span> <span class='ocrx_word' id='word_1_115' title='bbox 499 2274 703 2358; x_wconf 86' lang='lat' dir='ltr'>producenda</span> <span class='ocrx_word' id='word_1_116' title='bbox 732 2274 840 2336; x_wconf 88' lang='lat' dir='ltr'>omnia</span> <span class='ocrx_word' id='word_1_117' title='bbox 869 2294 927 2336; x_wconf 92' lang='lat' dir='ltr'>sua</span> <span class='ocrx_word' id='word_1_118' title='bbox 952 2274 1027 2357; x_wconf 88' lang='lat' dir='ltr'>jura</span> <span class='ocrx_word' id='word_1_119' title='bbox 1057 2281 1090 2337; x_wconf 89' lang='lat' dir='ltr'>et</span> <span class='ocrx_word' id='word_1_120' title='bbox 1119 2274 1310 2351; x_wconf 86' lang='lat' dir='ltr'>euidencies,</span> <span class='ocrx_word' id='word_1_121' title='bbox 1331 2274 1385 2340; x_wconf 91' lang='lat' dir='ltr'>die</span> 
     </span>
     <span class='ocr_line' id='line_1_17' title="bbox 227 2383 1168 2468; baseline -0.001 -19"><span class='ocrx_word' id='word_1_122' title='bbox 227 2386 372 2461; x_wconf 85' lang='lat' dir='ltr'>instanti,</span> <span class='ocrx_word' id='word_1_123' title='bbox 395 2386 513 2468; x_wconf 88' lang='lat' dir='ltr'>quibus</span> <span class='ocrx_word' id='word_1_124' title='bbox 539 2383 588 2446; x_wconf 89' lang='lat' dir='ltr'>vti</span> <span class='ocrx_word' id='word_1_125' title='bbox 608 2383 740 2459; x_wconf 87' lang='lat' dir='ltr'>vellent,</span> <span class='ocrx_word' id='word_1_126' title='bbox 761 2403 819 2466; x_wconf 90' lang='lat' dir='ltr'>pro</span> <span class='ocrx_word' id='word_1_127' title='bbox 841 2404 899 2448; x_wconf 90' lang='lat' dir='ltr'>suo</span> <span class='ocrx_word' id='word_1_128' title='bbox 921 2384 1003 2467; x_wconf 89' lang='lat' dir='ltr'>jure,</span> <span class='ocrx_word' id='word_1_129' title='bbox 1026 2390 1059 2448; x_wconf 89' lang='lat' dir='ltr'>et</span> <span class='ocrx_word' id='word_1_130' title='bbox 1081 2385 1168 2449; x_wconf 86' lang='lat' dir='ltr'>dicta</span> 
     </span>
     <span class='ocr_line' id='line_1_18' title="bbox 227 2493 1385 2580; baseline 0.003 -21"><span class='ocrx_word' id='word_1_131' title='bbox 227 2496 302 2560; x_wconf 86' lang='lat' dir='ltr'>Scot</span> <span class='ocrx_word' id='word_1_132' title='bbox 316 2495 423 2559; x_wconf 89' lang='lat' dir='ltr'>nullas</span> <span class='ocrx_word' id='word_1_133' title='bbox 446 2493 627 2559; x_wconf 90' lang='lat' dir='ltr'>euidencias</span> <span class='ocrx_word' id='word_1_134' title='bbox 649 2493 817 2576; x_wconf 84' lang='lat' dir='ltr'>produxit:</span> <span class='ocrx_word' id='word_1_135' title='bbox 841 2495 945 2571; x_wconf 80' lang='lat' dir='ltr'>Quare</span> <span class='ocrx_word' id='word_1_136' title='bbox 969 2496 1075 2559; x_wconf 90' lang='lat' dir='ltr'>dictus</span> <span class='ocrx_word' id='word_1_137' title='bbox 1098 2504 1264 2561; x_wconf 86' lang='lat' dir='ltr'>succentor</span> <span class='ocrx_word' id='word_1_138' title='bbox 1285 2497 1385 2580; x_wconf 89' lang='lat' dir='ltr'>peciit</span> 
     </span>
     <span class='ocr_line' id='line_1_19' title="bbox 225 2604 1385 2687; baseline 0.003 -17"><span class='ocrx_word' id='word_1_139' title='bbox 225 2606 396 2670; x_wconf 90' lang='lat' dir='ltr'>silencium</span> <span class='ocrx_word' id='word_1_140' title='bbox 424 2604 547 2687; x_wconf 87' lang='lat' dir='ltr'>imponi</span> <span class='ocrx_word' id='word_1_141' title='bbox 576 2624 672 2686; x_wconf 86' lang='lat' dir='ltr'>super</span> <span class='ocrx_word' id='word_1_142' title='bbox 699 2604 848 2668; x_wconf 78' lang='lat' dir='ltr'>vlteriore</span> <span class='ocrx_word' id='word_1_143' title='bbox 877 2612 910 2668; x_wconf 87' lang='lat' dir='ltr'>et</span> <span class='ocrx_word' id='word_1_144' title='bbox 939 2606 1048 2668; x_wconf 87' lang='lat' dir='ltr'>futura</span> <span class='ocrx_word' id='word_1_145' title='bbox 1076 2608 1285 2687; x_wconf 88' lang='lat' dir='ltr'>productione</span> <span class='ocrx_word' id='word_1_146' title='bbox 1316 2611 1385 2674; x_wconf 88' lang='lat' dir='ltr'>eui-</span> 
     </span>
    </p>
   </div>
   <div class='ocr_carea' id='block_1_4' title="bbox 225 2714 1385 2907">
    <p class='ocr_par' dir='ltr' id='par_1_4' title="bbox 225 2714 1385 2907">
     <span class='ocr_line' id='line_1_20' title="bbox 225 2714 1385 2798; baseline 0.003 -16"><span class='ocrx_word' id='word_1_147' title='bbox 225 2717 411 2782; x_wconf 86' lang='lat' dir='ltr'>denciarum</span> <span class='ocrx_word' id='word_1_148' title='bbox 443 2716 545 2798; x_wconf 90' lang='lat' dir='ltr'>ipsius</span> <span class='ocrx_word' id='word_1_149' title='bbox 828 2714 911 2789; x_wconf 85' lang='lat' dir='ltr'>Scot,</span> <span class='ocrx_word' id='word_1_150' title='bbox 927 2722 960 2777; x_wconf 88' lang='lat' dir='ltr'>et</span> <span class='ocrx_word' id='word_1_151' title='bbox 988 2715 1093 2797; x_wconf 80' lang='lat' dir='ltr'>ipsam</span> <span class='ocrx_word' id='word_1_152' title='bbox 1127 2737 1146 2778; x_wconf 90' lang='lat' dir='ltr'>a</span> <span class='ocrx_word' id='word_1_153' title='bbox 1181 2721 1385 2798; x_wconf 85' lang='lat' dir='ltr'>possessione</span> 
     </span>
     <span class='ocr_line' id='line_1_21' title="bbox 225 2822 1384 2907; baseline 0.002 -15"><span class='ocrx_word' id='word_1_154' title='bbox 225 2828 305 2893; x_wconf 88' lang='lat' dir='ltr'>dicti</span> <span class='ocrx_word' id='word_1_155' title='bbox 334 2826 511 2893; x_wconf 87' lang='lat' dir='ltr'>tenementi</span> <span class='ocrx_word' id='word_1_156' title='bbox 536 2844 593 2907; x_wconf 88' lang='lat' dir='ltr'>per</span> <span class='ocrx_word' id='word_1_157' title='bbox 621 2822 723 2888; x_wconf 86' lang='lat' dir='ltr'>dictos</span> <span class='ocrx_word' id='word_1_158' title='bbox 749 2823 875 2906; x_wconf 88' lang='lat' dir='ltr'>judices</span> <span class='ocrx_word' id='word_1_159' title='bbox 904 2824 1068 2901; x_wconf 88' lang='lat' dir='ltr'>remoueri,</span> <span class='ocrx_word' id='word_1_160' title='bbox 1098 2832 1190 2888; x_wconf 88' lang='lat' dir='ltr'>etse</span> <span class='ocrx_word' id='word_1_161' title='bbox 1216 2826 1251 2887; x_wconf 89' lang='lat' dir='ltr'>in</span> <span class='ocrx_word' id='word_1_162' title='bbox 1281 2835 1315 2890; x_wconf 86' lang='lat' dir='ltr'>et</span> <span class='ocrx_word' id='word_1_163' title='bbox 1341 2834 1384 2895; x_wconf 86' lang='lat' dir='ltr'>ad</span> 
     </span>
    </p>
   </div>
   <div class='ocr_carea' id='block_1_5' title="bbox 225 2934 1383 3470">
    <p class='ocr_par' dir='ltr' id='par_1_5' title="bbox 225 2934 1383 3470">
     <span class='ocr_line' id='line_1_22' title="bbox 225 2934 1383 3024; baseline 0.003 -20"><span class='ocrx_word' id='word_1_164' title='bbox 225 2940 457 3024; x_wconf 90' lang='lat' dir='ltr'>possessionem</span> <span class='ocrx_word' id='word_1_165' title='bbox 494 2935 638 3000; x_wconf 87' lang='lat' dir='ltr'>eiusdem</span> <span class='ocrx_word' id='word_1_166' title='bbox 674 2934 770 3018; x_wconf 84' lang='lat' dir='ltr'>juxta</span> <span class='ocrx_word' id='word_1_167' title='bbox 812 2935 947 2999; x_wconf 88' lang='lat' dir='ltr'>formam</span> <span class='ocrx_word' id='word_1_168' title='bbox 983 2955 1040 3000; x_wconf 93' lang='lat' dir='ltr'>sue</span> <span class='ocrx_word' id='word_1_169' title='bbox 1080 2935 1196 3000; x_wconf 88' lang='lat' dir='ltr'>saisina</span> <span class='ocrx_word' id='word_1_170' title='bbox 1233 2937 1383 3008; x_wconf 80' lang='lat' dir='ltr'>admitti:</span> 
     </span>
     <span class='ocr_line' id='line_1_23' title="bbox 225 3046 1383 3132; baseline 0.001 -16"><span class='ocrx_word' id='word_1_171' title='bbox 225 3051 331 3116; x_wconf 86' lang='lat' dir='ltr'>Peciit</span> <span class='ocrx_word' id='word_1_172' title='bbox 365 3050 453 3113; x_wconf 90' lang='lat' dir='ltr'>idem</span> <span class='ocrx_word' id='word_1_173' title='bbox 482 3054 650 3113; x_wconf 85' lang='lat' dir='ltr'>succentor</span> <span class='ocrx_word' id='word_1_174' title='bbox 679 3046 912 3112; x_wconf 85' lang='lat' dir='ltr'>instrumenta:</span> <span class='ocrx_word' id='word_1_175' title='bbox 944 3048 1028 3112; x_wconf 86' lang='lat' dir='ltr'>Acta</span> <span class='ocrx_word' id='word_1_176' title='bbox 1063 3046 1100 3111; x_wconf 92' lang='lat' dir='ltr'>in</span> <span class='ocrx_word' id='word_1_177' title='bbox 1128 3049 1275 3132; x_wconf 89' lang='lat' dir='ltr'>pretorio,</span> <span class='ocrx_word' id='word_1_178' title='bbox 1305 3052 1383 3118; x_wconf 88' lang='lat' dir='ltr'>hora</span> 
     </span>
     <span class='ocr_line' id='line_1_24' title="bbox 226 3159 1382 3247; baseline -0.002 -19"><span class='ocrx_word' id='word_1_179' title='bbox 226 3163 259 3247; x_wconf 81' lang='lat' dir='ltr'>xj</span> <span class='ocrx_word' id='word_1_180' title='bbox 301 3167 376 3226; x_wconf 89' lang='lat' dir='ltr'>ante</span> <span class='ocrx_word' id='word_1_181' title='bbox 413 3160 589 3237; x_wconf 88' lang='lat' dir='ltr'>meridiem,</span> <span class='ocrx_word' id='word_1_182' title='bbox 622 3159 675 3224; x_wconf 89' lang='lat' dir='ltr'>vel</span> <span class='ocrx_word' id='word_1_183' title='bbox 712 3160 814 3239; x_wconf 90' lang='lat' dir='ltr'>circa;</span> <span class='ocrx_word' id='word_1_184' title='bbox 852 3160 998 3237; x_wconf 86' lang='lat' dir='ltr'>testibus,</span> <span class='ocrx_word' id='word_1_185' title='bbox 1033 3160 1219 3225; x_wconf 83' lang='lat' dir='ltr'>Alexandro</span> <span class='ocrx_word' id='word_1_186' title='bbox 1249 3162 1382 3246; x_wconf 86' lang='lat' dir='ltr'>Honyll,</span> 
     </span>
     <span class='ocr_line' id='line_1_25' title="bbox 226 3272 1379 3357; baseline -0.002 -18"><span class='ocrx_word' id='word_1_187' title='bbox 226 3274 376 3340; x_wconf 84' lang='lat' dir='ltr'>Johanne</span> <span class='ocrx_word' id='word_1_188' title='bbox 403 3273 514 3357; x_wconf 85' lang='lat' dir='ltr'>Curry,</span> <span class='ocrx_word' id='word_1_189' title='bbox 538 3272 704 3336; x_wconf 84' lang='lat' dir='ltr'>Willelnro</span> <span class='ocrx_word' id='word_1_190' title='bbox 734 3272 888 3349; x_wconf 86' lang='lat' dir='ltr'>Salmont,</span> <span class='ocrx_word' id='word_1_191' title='bbox 918 3272 1053 3356; x_wconf 84' lang='lat' dir='ltr'>Georgio</span> <span class='ocrx_word' id='word_1_192' title='bbox 1083 3272 1202 3350; x_wconf 92' lang='lat' dir='ltr'>Burell,</span> <span class='ocrx_word' id='word_1_193' title='bbox 1232 3273 1379 3337; x_wconf 84' lang='lat' dir='ltr'>Johanne</span> 
     </span>
     <span class='ocr_line' id='line_1_26' title="bbox 225 3384 751 3470; baseline -0.008 -19"><span class='ocrx_word' id='word_1_194' title='bbox 225 3385 351 3470; x_wconf 84' lang='lat' dir='ltr'>Smyth,</span> <span class='ocrx_word' id='word_1_195' title='bbox 366 3386 520 3469; x_wconf 84' lang='lat' dir='ltr'>Magistro</span> <span class='ocrx_word' id='word_1_196' title='bbox 535 3384 656 3449; x_wconf 89' lang='lat' dir='ltr'>Thema</span> <span class='ocrx_word' id='word_1_197' title='bbox 671 3384 751 3448; x_wconf 89' lang='lat' dir='ltr'>Leis.</span> 
     </span>
    </p>
   </div>
   <div class='ocr_carea' id='block_1_6' title="bbox 692 3661 914 3726">
    <p class='ocr_par' dir='ltr' id='par_1_6' title="bbox 692 3661 914 3726">
     <span class='ocr_line' id='line_1_27' title="bbox 692 3661 914 3726; baseline -0.009 -1"><span class='ocrx_word' id='word_1_198' title='bbox 692 3661 762 3726; x_wconf 85' lang='grc'>256.</span> <span class='ocrx_word' id='word_1_199' title='bbox 787 3661 914 3725; x_wconf 71' lang='lat' dir='ltr'>Serra.</span> 
     </span>
    </p>
   </div>
   <div class='ocr_carea' id='block_1_7' title="bbox 221 3833 1380 4477">
    <p class='ocr_par' dir='ltr' id='par_1_7' title="bbox 221 3833 1380 4477">
     <span class='ocr_line' id='line_1_28' title="bbox 267 3833 1379 3918; baseline -0.001 -18"><span class='ocrx_word' id='word_1_200' title='bbox 267 3836 332 3902; x_wconf 92' lang='lat' dir='ltr'>Die</span> <span class='ocrx_word' id='word_1_201' title='bbox 358 3837 483 3915; x_wconf 90' lang='lat' dir='ltr'>Martis,</span> <span class='ocrx_word' id='word_1_202' title='bbox 507 3836 595 3918; x_wconf 83' lang='lat' dir='ltr'>xxvij</span> <span class='ocrx_word' id='word_1_203' title='bbox 624 3835 743 3897; x_wconf 88' lang='lat' dir='ltr'>mensis</span> <span class='ocrx_word' id='word_1_204' title='bbox 767 3835 790 3897; x_wconf 83' lang='lat' dir='ltr'>J</span> <span class='ocrx_word' id='word_1_205' title='bbox 792 3834 859 3910; x_wconf 89' lang='lat' dir='ltr'>ulii,</span> <span class='ocrx_word' id='word_1_206' title='bbox 874 3834 952 3897; x_wconf 86' lang='lat' dir='ltr'>anni</span> <span class='ocrx_word' id='word_1_207' title='bbox 977 3853 1041 3916; x_wconf 92' lang='lat' dir='ltr'>quo</span> <span class='ocrx_word' id='word_1_208' title='bbox 1067 3853 1171 3917; x_wconf 92' lang='lat' dir='ltr'>supra,</span> <span class='ocrx_word' id='word_1_209' title='bbox 1186 3841 1254 3911; x_wconf 83' lang='lat' dir='ltr'>etc,</span> <span class='ocrx_word' id='word_1_210' title='bbox 1277 3833 1379 3899; x_wconf 92' lang='lat' dir='ltr'>indic·</span> 
     </span>
     <span class='ocr_line' id='line_1_29' title="bbox 224 3944 1380 4028; baseline -0.002 -16"><span class='ocrx_word' id='word_1_211' title='bbox 224 3949 313 4013; x_wconf 89' lang='lat' dir='ltr'>tione</span> <span class='ocrx_word' id='word_1_212' title='bbox 334 3949 467 4028; x_wconf 88' lang='lat' dir='ltr'>decima,</span> <span class='ocrx_word' id='word_1_213' title='bbox 483 3955 559 4013; x_wconf 86' lang='lat' dir='ltr'>etc:</span> <span class='ocrx_word' id='word_1_214' title='bbox 576 3948 620 4010; x_wconf 92' lang='lat' dir='ltr'>M.</span> <span class='ocrx_word' id='word_1_215' title='bbox 637 3947 795 4009; x_wconf 89' lang='lat' dir='ltr'>Robertus</span> <span class='ocrx_word' id='word_1_216' title='bbox 811 3945 932 4021; x_wconf 72' lang='lat' dir='ltr'>Scharv,</span> <span class='ocrx_word' id='word_1_217' title='bbox 948 3952 1115 4009; x_wconf 90' lang='lat' dir='ltr'>succentor</span> <span class='ocrx_word' id='word_1_218' title='bbox 1128 3944 1380 4024; x_wconf 86' lang='lat' dir='ltr'>Dunkcldensis,</span> 
     </span>
     <span class='ocr_line' id='line_1_30' title="bbox 224 4057 1379 4141; baseline -0.003 -17"><span class='ocrx_word' id='word_1_219' title='bbox 224 4060 395 4125; x_wconf 86' lang='lat' dir='ltr'>constituit</span> <span class='ocrx_word' id='word_1_220' title='bbox 432 4061 466 4123; x_wconf 95' lang='lat' dir='ltr'>in</span> <span class='ocrx_word' id='word_1_221' title='bbox 503 4058 646 4122; x_wconf 74' lang='lat' dir='ltr'>uberiore</span> <span class='ocrx_word' id='word_1_222' title='bbox 683 4058 784 4119; x_wconf 77' lang='lat' dir='ltr'>fornia</span> <span class='ocrx_word' id='word_1_223' title='bbox 820 4077 894 4120; x_wconf 88' lang='lat' dir='ltr'>suos</span> <span class='ocrx_word' id='word_1_224' title='bbox 931 4063 1157 4139; x_wconf 87' lang='lat' dir='ltr'>procuratores,</span> <span class='ocrx_word' id='word_1_225' title='bbox 1187 4057 1379 4141; x_wconf 82' lang='lat' dir='ltr'>Magistrum</span> 
     </span>
     <span class='ocr_line' id='line_1_31' title="bbox 223 4168 1379 4253; baseline -0.002 -17"><span class='ocrx_word' id='word_1_226' title='bbox 223 4171 404 4236; x_wconf 78' lang='lat' dir='ltr'>Martinum</span> <span class='ocrx_word' id='word_1_227' title='bbox 428 4171 526 4246; x_wconf 87' lang='lat' dir='ltr'>Redo,</span> <span class='ocrx_word' id='word_1_228' title='bbox 540 4169 765 4233; x_wconf 79' lang='lat' dir='ltr'>cancellarium</span> <span class='ocrx_word' id='word_1_229' title='bbox 782 4169 1023 4252; x_wconf 85' lang='lat' dir='ltr'>Glasguensem,</span> <span class='ocrx_word' id='word_1_230' title='bbox 1038 4170 1070 4232; x_wconf 85' lang='lat' dir='ltr'>N</span> <span class='ocrx_word' id='word_1_231' title='bbox 1073 4168 1232 4232; x_wconf 91' lang='lat' dir='ltr'>icholaum</span> <span class='ocrx_word' id='word_1_232' title='bbox 1255 4170 1379 4253; x_wconf 86' lang='lat' dir='ltr'>Greyn·</span> 
     </span>
     <span class='ocr_line' id='line_1_32' title="bbox 222 4280 1379 4367; baseline -0.003 -18"><span class='ocrx_word' id='word_1_233' title='bbox 222 4283 293 4361; x_wconf 83' lang='lat' dir='ltr'>law,</span> <span class='ocrx_word' id='word_1_234' title='bbox 315 4283 561 4367; x_wconf 81' lang='lat' dir='ltr'>prebendarium</span> <span class='ocrx_word' id='word_1_235' title='bbox 583 4282 622 4346; x_wconf 89' lang='lat' dir='ltr'>de</span> <span class='ocrx_word' id='word_1_236' title='bbox 645 4280 858 4356; x_wconf 83' lang='lat' dir='ltr'>Edulfistoun,</span> <span class='ocrx_word' id='word_1_237' title='bbox 881 4280 1026 4344; x_wconf 88' lang='lat' dir='ltr'>dominos</span> <span class='ocrx_word' id='word_1_238' title='bbox 1048 4280 1223 4344; x_wconf 89' lang='lat' dir='ltr'>Robertum</span> <span class='ocrx_word' id='word_1_239' title='bbox 1245 4280 1379 4366; x_wconf 80' lang='lat' dir='ltr'>Dalgles</span> 
     </span>
     <span class='ocr_line' id='line_1_33' title="bbox 221 4390 1380 4477; baseline -0.003 -15"><span class='ocrx_word' id='word_1_240' title='bbox 221 4401 256 4461; x_wconf 85' lang='lat' dir='ltr'>et</span> <span class='ocrx_word' id='word_1_241' title='bbox 270 4394 457 4462; x_wconf 85' lang='lat' dir='ltr'>Donaldum</span> <span class='ocrx_word' id='word_1_242' title='bbox 471 4393 621 4470; x_wconf 86' lang='lat' dir='ltr'>Damebt,</span> <span class='ocrx_word' id='word_1_243' title='bbox 633 4391 821 4477; x_wconf 74' lang='lat' dir='ltr'>capellanos,</span> <span class='ocrx_word' id='word_1_244' title='bbox 834 4400 867 4457; x_wconf 86' lang='lat' dir='ltr'>ot</span> <span class='ocrx_word' id='word_1_245' title='bbox 877 4390 956 4457; x_wconf 88' lang='lat' dir='ltr'>alios</span> <span class='ocrx_word' id='word_1_246' title='bbox 967 4393 1178 4456; x_wconf 88' lang='lat' dir='ltr'>nominandos</span> <span class='ocrx_word' id='word_1_247' title='bbox 1187 4411 1243 4476; x_wconf 89' lang='lat' dir='ltr'>per</span> <span class='ocrx_word' id='word_1_248' title='bbox 1254 4392 1380 4458; x_wconf 87' lang='lat' dir='ltr'>dictum</span> 
     </span>
    </p>
   </div>
   <div class='ocr_carea' id='block_1_8' title="bbox 0 0 1502 4936">
    <p class='ocr_par' dir='ltr' id='par_1_8' title="bbox 0 0 1502 4936">
     <span class='ocr_line' id='line_1_34' title="bbox 0 0 1502 4936; baseline 0 4"><span class='ocrx_word' id='word_1_249' title='bbox 0 0 1502 4936; x_wconf 95' lang='lat' dir='ltr'> </span> 
     </span>
    </p>
   </div>
  </div>
 </body>
</html>
