2994 4936
254 427 318 490 508
511 443 718 491 rsorooonm
740 442 898 492 armensis
920 442 1151 490 ermannusrs.

87 623 144 662 nn.
164 613 235 664 1512.
252 601 368 663 notarii
393 601 524 683 publici,
551 608 584 664 et
610 600 820 684 infrascriptis
846 601 974 663 vicariis
1000 600 1088 664 chori
1114 599 1326 683 Glasguensis
1355 620 1410 682 pro

131 705 198 715 -
251 713 369 775 maiore
392 719 425 775 et
447 711 569 775 saniore
592 719 682 795 parte
704 712 750 775 sic
773 712 978 796 congregatis,
997 711 1185 775 assederunt
1206 716 1241 774 et
1263 712 1305 774 nd
1328 711 1410 775 feodi

250 823 376 886 firmam
400 823 592 887 dimisenmt
617 822 716 886 michi
743 823 920 887 Cuthberto
948 822 1096 899 Simonis,
1114 822 1281 905 capellano
1303 822 1409 906 hospi-

250 934 325 998 talis
352 935 462 998 Sancti
486 933 644 1009 Nicholai,
660 939 693 997 et
715 933 950 997 successoribus
971 934 1061 1010 meis,
1075 954 1173 996 vnam
1196 954 1302 998 acram
1329 941 1409 998 terre

250 1046 447 1129 campestris,
463 1046 621 1110 iacentem
644 1065 740 1128 super
762 1065 912 1126 campum
927 1045 967 1108 de
991 1044 1164 1127 Kyncleth,
1180 1045 1214 1108 in
1237 1045 1270 1109 le
1294 1045 1411 1108 Brume

249 1156 363 1232 landis,
379 1157 464 1221 inter
486 1164 585 1220 terras
612 1155 788 1239 capellanie
814 1176 884 1219 mee
907 1155 986 1219 dicti
1013 1155 1181 1239 hospitalis
1208 1176 1249 1220 ex
1275 1162 1409 1240 utraque

250 1275 357 1351 parte;
391 1275 424 1331 et
446 1268 507 1330 hoc
533 1288 606 1332 cum
631 1287 788 1331 consensu
812 1267 970 1330 dictorum
992 1267 1184 1349 presidentis
1206 1274 1239 1331 et
1266 1268 1410 1351 capituli,

249 1400 306 1462 pro
329 1399 455 1441 summa
477 1377 560 1440 rrrrrr‘1
591 1378 713 1440 usualis
735 1386 864 1442 monete
885 1377 1061 1441 seodifirme
1083 1386 1116 1441 et
1138 1378 1238 1441 annui
1265 1378 1410 1442 redditus

249 1489 476 1552 soluendorum
502 1489 597 1552 dictis
621 1489 748 1551 vicariis
775 1497 807 1553 et
834 1489 1067 1553 successoribus
1090 1490 1165 1566 suis,
1187 1489 1229 1552 ad
1255 1491 1411 1554 terminos

251 1601 455 1664 Pentecostes
471 1608 503 1663 et
519 1599 653 1663 Martini
674 1607 860 1663 consuetos:
881 1601 925 1663 Et
939 1621 997 1684 ego
1012 1601 1154 1683 obligaui
1168 1608 1270 1665 meet
1286 1622 1411 1666 succes·

250 1732 337 1776 sores
351 1732 439 1775 meos
461 1711 619 1795 reliquam
638 1719 755 1774 terram
777 1712 1065 1788 circumiacentem‚
1080 1713 1297 1795 pertinentem
1312 1714 1411 1777 michi

250 1833 284 1889 et
299 1824 475 1907 capellanie
492 1845 570 1899 mee,
586 1845 643 1907 pro
666 1823 824 1886 solutione
840 1844 948 1887 annuo
970 1823 1050 1887 dicti
1072 1824 1173 1887 annui
1190 1823 1357 1903 redditus3
1380 1834 1412 1889 et

250 1937 430 2021 capitulum
460 1937 630 2012 consensit,
660 1942 693 1998 et
723 1935 880 1999 concessit
917 1935 1060 2019 sigillum
1090 1956 1186 1999 suum
1222 1935 1413 2000 huiusmodi

251 2049 453 2123 assedationi,
468 2049 502 2110 in
525 2048 653 2130 signum
676 2047 726 2110 sui
749 2067 939 2110 consensus:
966 2048 1033 2130 Ego
1055 2048 1136 2130 petii
1158 2048 1413 2111 instrumentum

251 2161 381 2223 nomine
405 2180 475 2222 meo
500 2166 532 2223 et
557 2179 774 2222 successorum
798 2178 960 2221 meorum:
983 2160 1067 2222 Acta
1088 2159 1123 2221 in
1145 2158 1215 2222 loco
1231 2159 1413 2241 capitulari,

250 2270 329 2334 hora
344 2271 468 2334 decima
487 2277 562 2333 onte
578 2270 743 2333 meridiem
758 2269 811 2332 vel
833 2269 935 2348 circa;
961 2270 1108 2346 testibus,
1123 2269 1253 2333 domino
1276 2271 1414 2355 Georgio

251 2381 456 2457 Drummont,
480 2381 664 2463 presbitero,
694 2379 852 2444 Nichoiao
882 2380 978 2456 Rede,
1009 2380 1173 2464 Magistris
1209 2390 1243 2444 et
1271 2381 1413 2447 dominis

251 2493 373 2556 Jacobo
398 2492 542 2566 Stewart,
567 2492 706 2555 Roberto
731 2492 836 2568 Clerk,
850 2492 973 2561 docobo
995 2492 1149 2569 Fawside,
1171 2492 1311 2557 Patricio
1332 2494 1413 2558 Gra·

251 2603 336 2678 ham,
352 2602 495 2665 Waltero
511 2602 669 2684 Dowgles.

685 2875 756 2938 665.
782 2874 969 2959 [Hiemem]
1051 2971 1055 2975 “

295 3050 358 3114 Die
375 3050 499 3125 Martis,
514 3049 592 3112 hora
607 3050 642 3112 2·
656 3056 728 3132 post
750 3049 926 3125 meridiem,
941 3069 1025 3112 anno
1047 3051 1104 3132 qui
1309 3052 1412 3116 indic·

250 3161 338 3225 tione
354 3161 465 3243 prima,
480 3161 685 3243 pontificatus
701 3160 724 3223 J
725 3160 785 3222 ulii
801 3158 845 3223 2⁶¹¹
864 3181 948 3223 anno
966 3181 997 3236 rr,
1012 3161 1149 3224 testibus
1164 3161 1285 3224 Thema
1300 3161 1412 3246 Hugo

425 3278 458 3335 et
485 3273 507 3336 J
509 3272 635 3334 ohanne
662 3271 857 3353 Robynson:
889 3270 1050 3335 Dominus
1079 3272 1246 3336 Joharmes
1276 3273 1412 3339 Heriote

251 3384 432 3466 prolocutor
700 3382 856 3445 crundem
885 3383 1061 3465 resignauit
1090 3383 1275 3447 huiusmodi
1304 3406 1411 3450 acmm

250 3502 333 3559 terre
349 3516 422 3558 cum
432 3495 635 3576 pertinentiis
789 3494 856 3557 suis
871 3494 904 3555 in
920 3495 1068 3556 manibus
1082 3495 1105 3558 ,J
1107 3495 1242 3559 ohannis
1257 3495 1412 3580 Elphins·

250 3615 330 3670 toun
351 3606 466 3668 bellini
683 3604 773 3668 dedit
800 3605 952 3668 saisinam
975 3612 1095 3669 statum
1119 3606 1348 3672 hereditarium
1378 3616 1412 3673 et

250 3738 380 3798 corpora
600 3737 657 3799 per
672 3724 790 3780 terrem
805 3724 838 3780 et
852 3716 975 3799 lapides
991 3717 1030 3780 de
1045 3717 1231 3782 huiusmodi
1246 3740 1319 3783 scra
1334 3741 1410 3784 cum

248 3828 450 3911 pertinentiis
