2994 4936
215 418 279 481 220
693 430 898 482 morocoria

51 617 109 655 nn.
127 604 200 657 15⁰7.
215 610 355 655 vnacum
367 592 597 676 circumspecto
609 591 685 669 viro,
698 592 853 676 Magistro
868 591 996 656 Dauide
1015 591 1204 674 Conigham,
1219 591 1372 654 canonico

93 696 154 708 ““’
215 723 252 767 ac
289 703 418 768 offioiali
454 704 646 788 Glasguensi
682 703 829 788 generali,
859 704 1028 779 assidente,
1064 709 1220 786 presente,
1258 708 1298 779 et,
1335 708 1372 766 vt

214 816 371 899 apparuit,
401 816 560 893 audiente,
589 823 627 880 vt
656 816 821 880 obedirent
845 821 878 879 et
911 814 1115 879 intenderent
1144 814 1239 879 dictis
1268 786 1404 878 literis·

214 926 408 1010 apostolicis,
424 933 456 992 et
471 928 671 1011 processibus
686 928 762 991 inde
777 927 904 1003 secutis,
918 927 1026 1010 vigore
1042 926 1214 990 earundem
1230 927 1371 989 monuis-

214 1043 282 1102 set:
304 1040 451 1103 Prefatus
467 1039 752 1104 reuerendissimus
767 1047 859 1121 pater
879 1059 936 1122 pro
959 1059 1001 1114 se,
1017 1059 1054 1102 ac
1069 1038 1171 1102 eciam
1185 1038 1254 1121 ipse
1269 1037 1371 1100 domi·

215 1170 277 1214 nus
306 1150 451 1214 officialis
481 1172 538 1234 pro
568 1172 626 1214 suo
662 1151 824 1226 interesse,
854 1150 1021 1232 pecierunt
1058 1150 1182 1232 copiam
1211 1149 1370 1213 dictarum

213 1259 380 1325 literarum
406 1262 652 1345 apostolicarum
679 1269 711 1325 et
741 1262 958 1344 exempeionis
987 1283 1044 1345 per
1070 1262 1193 1325 dictum
1222 1262 1371 1325 abbatem

214 1372 277 1436 sibi
302 1373 380 1449 fieri,
405 1381 442 1436 vt
466 1374 614 1436 certiores
640 1374 721 1436 fiant
744 1372 784 1436 de
814 1380 924 1437 tenore
948 1373 1130 1449 earundem,
1156 1393 1230 1436 curn
1253 1373 1370 1455 quibus

121 1465 124 1471 ’
213 1483 330 1546 avisari
345 1483 534 1567 cupiebant:
556 1485 600 1547 Et
614 1483 843 1548 nichilominus
865 1484 952 1548 idem
973 1484 1257 1549 reuerendissimus
1271 1491 1371 1567 pater,

213 1614 270 1678 pro
310 1615 343 1659 se
378 1601 411 1659 et
448 1595 534 1659 dieto
571 1616 629 1659 suo
660 1595 797 1671 officiali,
827 1595 979 1660 offerebat
1015 1604 1048 1660 et
1084 1595 1211 1659 dicebat
1247 1615 1281 1658 se
1314 1614 1371 1677 per

213 1705 321 1770 omnia
349 1714 534 1790 promptum
572 1715 604 1771 et
640 1714 796 1790 paratum,
825 1712 980 1791 tanquam
1017 1706 1220 1771 obedientem
1255 1705 1370 1783 filium,

212 1839 322 1901 parere
338 1825 371 1883 et
392 1819 559 1884 intendere
581 1819 682 1883 literis
705 1818 887 1902 apostolicis
909 1826 942 1883 et
964 1819 1163 1902 processibus
1187 1818 1370 1893 earundem,

213 1929 309 1994 sicuti
335 1937 418 2008 actu,
440 1937 476 1994 vt
502 1931 646 2007 asseruit,
669 1931 738 2014 ipse
764 1937 797 1994 et
824 1951 902 1994 suus
928 1929 1072 1994 officialis
1097 1929 1308 1994 intendebant
1336 1936 1371 1993 et

213 2041 368 2124 parebant
390 2042 528 2107 eisdem:
550 2043 671 2106 Verum
692 2049 800 2105 tamen
822 2042 1002 2124 predictum
1024 2042 1179 2117 abbatem,
1195 2048 1227 2104 et
1249 2046 1370 2105 ceteros

213 2154 386 2217 monachos
402 2153 567 2229 Passeleti,
583 2160 616 2218 et
637 2152 873 2236 predecessores
889 2151 1070 2228 eorundem,
1085 2172 1142 2234 per
1162 2151 1271 2215 literas
1286 2171 1369 2229 suas,
1430 2150 1434 2157 “

212 2269 246 2327 et
267 2283 399 2327 suorum
421 2262 601 2339 officialum,
618 2271 651 2327 et
665 2264 932 2345 predecessorum,
947 2269 1101 2346 tanquam
1119 2262 1267 2346 judicum
1285 2262 1371 2326 ordi-

213 2375 375 2437 nariorum
404 2374 563 2437 dictorum
595 2374 720 2437 abbatis
750 2380 782 2437 et
811 2375 1039 2438 monachorum
1069 2374 1194 2437 racione
1224 2374 1369 2436 omnium

213 2490 444 2560 contractuum,
454 2505 560 2547 coram
574 2484 696 2567 prefato
710 2484 974 2548 reuerendissimo
986 2490 1084 2567 patre,
1097 2491 1130 2549 et
1144 2485 1212 2548 suis
1227 2485 1369 2549 officiali-

214 2595 284 2670 bus,
307 2602 340 2658 et
362 2595 646 2676 predecessoribus,
668 2594 703 2657 in
731 2595 891 2677 judicium
915 2596 1014 2672 citari,
1037 2596 1121 2660 trahi
1143 2604 1176 2660 et
1199 2596 1372 2673 vocari-et

213 2704 517 2768 vocatos'haetenus
533 2726 659 2787 semper
679 2707 903 2789 comparuisse,
919 2708 1107 2790 errantique
1129 2707 1370 2785 consuetudine,

211 2822 245 2879 et
261 2815 340 2879 citra
355 2816 540 2879 memoriam
557 2816 733 2892 hominum,
750 2815 860 2880 solitos
876 2824 908 2879 et
923 2825 1099 2895 consuetos,
1114 2818 1201 2881 idem
1222 2839 1369 2884 reueren-

211 2925 365 2990 dissimus
391 2932 482 3009 pater
503 2926 588 2989 dixit
612 2932 645 2989 et
670 2927 824 2990 asseruit:
847 2926 949 2990 Peciit
972 2927 1058 2991 idern
1083 2929 1370 2994 reuerendissimus

210 3046 309 3122 pater,
324 3038 454 3102 nomine
473 3038 600 3122 proprio
622 3058 659 3102 ae
681 3038 760 3102 dieti
786 3039 837 3102 sni
863 3038 1015 3117 officialis,
1031 3038 1262 3104 instrumenta:
1283 3040 1368 3105 Acta

211 3157 365 3233 utsupra

694 3314 765 3381 276.
790 3314 886 3378 loru.

253 3484 384 3552 Eisdem
400 3508 492 3565 anno,
507 3488 568 3565 die,
583 3508 700 3565 mense,
716 3488 898 3563 indictione,
913 3487 1111 3570 pontificatu,
1126 3487 1204 3567 loco,
1219 3490 1297 3555 hora
1319 3493 1364 3576 xij

210 3594 246 3658 in
265 3598 407 3673 meridie,
422 3598 475 3661 vel
501 3599 638 3662 eacirca:
663 3598 755 3662 Idem
777 3598 1062 3663 reuerendissimus
1085 3606 1175 3683 pater
1196 3603 1366 3668 constituit

210 3704 382 3788 Magistros
406 3708 515 3769 Dauid
540 3709 725 3791 (lonigham,
753 3709 929 3773 Patricium
954 3710 1120 3788 Coventre,
1146 3720 1179 3776 et
1205 3714 1365 3778 Jacobum

209 3813 354 3890 Neilson,
369 3815 566 3878 coniunctim
588 3823 621 3879 et
643 3817 783 3892 diuisim,
799 3827 1017 3901 procuratores
1032 3840 1115 3897 suos,
1131 3822 1171 3885 ad
1187 3824 1364 3905 petendum

209 3929 243 3987 et
256 3923 474 4005 recipiendum
490 3925 614 4005 copiam
629 3925 868 4008 priuilegiorum
891 3937 924 3991 et
946 3931 1161 4013 exempcionis
1183 3933 1308 4000 abbatis
1331 3943 1365 4000 et

208 4041 385 4096 conuentus
401 4033 440 4096 de
456 4033 618 4097 Passeleto
633 4035 673 4097 ab
689 4036 818 4100 eodem:
835 4039 953 4102 Ratum
968 4048 1001 4103 et
1015 4049 1151 4123 gratum,
1161 4064 1234 4107 cum
1250 4047 1365 4112 ceteris

208 4141 361 4207 clausulis
376 4143 562 4206 necessariis
584 4146 750 4226 oportunis
772 4155 805 4209 et
827 4146 867 4211 de
886 4149 958 4230 jura
980 4153 1153 4233 requisitis,
1169 4155 1204 4219 in
1219 4157 1366 4224 uberiora

207 4253 326 4317 forma:
358 4251 462 4316 Peciit
492 4251 577 4316 idem
606 4255 892 4321 rouerendissimus
922 4258 1154 4328 instrumenta:
1192 4266 1278 4331 Acta
1305 4270 1365 4334 rbi

207 4383 321 4449 supra:
359 4361 505 4438 testibus,
535 4362 702 4447 Magistris
732 4365 875 4431 alanino
906 4368 1001 4445 Reda,
1031 4373 1231 4454 cancellario,
1254 4377 1365 4446 Adam
1421 4445 1428 4461 ,
