2994 4936
230 427 291 491 196
705 440 911 489 sacrocomu

64 622 124 688 l·¹'·
139 611 211 664 1507.
226 599 306 663 dicti
320 598 498 663 Alexandri
513 599 644 683 Homyl,
659 598 773 662 balliui
789 595 988 681 recipientis:
1011 596 1126 660 Postea
1141 596 1227 660 idern
1242 595 1384 687 balliuus

104 703 171 715 “““
227 709 316 774 dedit
338 718 458 775 statum
481 710 709 775 hereditarium
724 717 757 774 et
772 710 923 774 saisinam
939 708 1082 773 eiusdem
1097 708 1172 772 rode
1188 730 1262 772 oum
1284 709 1383 792 perti-

227 822 359 898 nenciis,
375 823 498 906 prefato
514 822 669 906 Magistro
684 820 836 897 Rolandc‚
852 828 885 885 et
907 820 973 884 suis
996 820 1174 903 assignatis,
1189 840 1246 903 per
1267 827 1385 884 terram

227 941 261 999 et
292 932 425 1017 lapides,
448 933 537 997 saluo
563 934 635 1016 jure
666 932 844 1009 cuiuslibet,
874 932 909 995 in
939 931 1114 996 feodifirma
1143 939 1176 995 et
1205 930 1383 996 hereditate

227 1045 482 1128 imperpetuum:
506 1044 666 1109 Soluturis
681 1044 756 1108 inde
779 1044 947 1108 annuatim
963 1042 1048 1106 dicto
1063 1042 1197 1127 pupil10,
1212 1050 1245 1107 et
1260 1042 1384 1107 heredi·

228 1155 288 1220 bus
314 1157 389 1232 suis,
410 1155 512 1220 dictos
538 1163 661 1239 septem
688 1154 805 1219 solidos
828 1155 928 1218 annui
950 1154 1103 1231 redditus,
1118 1161 1156 1218 ut
1177 1154 1385 1238 premittitur,

228 1285 292 1329 vna
314 1288 388 1330 cunr
410 1267 501 1330 firma
523 1265 647 1351 burguli
673 1265 908 1349 archiepiscopo
931 1265 1133 1348 Glasguensi,
1152 1267 1384 1343 tantummodo,

227 1396 284 1460 pro
299 1377 386 1440 omni
401 1376 464 1440 alio
479 1396 581 1453 onere,
597 1383 673 1441 etc:
697 1376 936 1459 Consequenter
950 1376 1056 1440 dictus
1071 1376 1271 1440 subdecanus
1287 1378 1384 1461 resig-

228 1489 326 1550 nauit·
341 1488 470 1551 feodum
493 1488 637 1552 eiusdem
658 1487 813 1571 particate
835 1487 871 1549 in
892 1487 1040 1550 manibus
1056 1487 1135 1551 dicti
1149 1487 1263 1551 bellini
1283 1489 1384 1572 recip

228 1599 342 1678 ientis3
362 1606 395 1663 ct
409 1599 537 1663 baliuus
552 1599 642 1663 dedit
657 1605 778 1663 statum
792 1598 1018 1662 hereditarium
1030 1605 1063 1663 et
1074 1598 1227 1662 saisinam
1241 1599 1384 1665 eiusdem

227 1710 303 1774 rode
317 1718 355 1774 ut
370 1710 408 1775 de
424 1711 524 1788 feodo,
538 1715 699 1775 reseruata
720 1709 821 1774 libero
838 1716 1021 1774 tenemento
1036 1710 1178 1774 eiusdem
1201 1711 1287 1775 dicto
1309 1712 1385 1775 sub

216 1804 348 1887 'decano
378 1844 435 1907 pro
461 1823 530 1886 vita
552 1844 617 1903 sua,
639 1844 697 1907 per
726 1820 842 1887 terram
872 1828 905 1886 et
932 1820 1065 1905 lapides,
1087 1822 1215 1886 domino
1246 1823 1385 1888 Roberto

228 1934 399 1999 Wilkeson
426 1935 599 2018 capellano,
614 1935 744 1999 nomine
770 1933 958 2010 ecclesiast
983 1953 1048 1996 ncn
1071 1932 1158 2010 alias,
1180 1954 1285 2017 neque
1306 1935 1385 1999 alio·

228 2047 332 2124 modo,
347 2048 403 2111 vbi
427 2054 460 2112 et
482 2048 619 2130 quande,
637 2067 693 2130 pro
715 2046 809 2110 libito
831 2046 974 2110 eiusdem
996 2045 1177 2122 subdecani,
1199 2046 1385 2129 particulari

229 2157 361 2223 ecclesie
384 2159 519 2223 seruicio
545 2165 602 2221 aut
627 2158 721 2220 altari
750 2156 958 2238 applicando:
989 2156 1163 2221 Reddenda
1192 2157 1268 2221 inde
1297 2158 1385 2223 dicta

229 2268 372 2345 ecclesia¹
385 2269 556 2332 seruicium
574 2273 631 2329 aut
649 2267 748 2330 altare
763 2267 808 2347 vij
826 2266 951 2342 solidos,
967 2272 1000 2330 et
1015 2268 1139 2331 firmam
1159 2268 1331 2352 burgalem,
1347 2279 1385 2334 ut

229 2379 446 2461 premittitur:
466 2379 570 2441 Peciit
587 2377 672 2439 idern
687 2375 897 2453 subdecanus,
912 2377 1041 2442 nomine
1056 2381 1182 2462 proprio
1198 2387 1231 2445 et
1245 2380 1386 2459 ecclesie,

230 2488 461 2551 instrumenta:
482 2488 567 2551 Acta
588 2506 684 2568 super
706 2484 810 2549 solum
833 2487 917 2551 dicte
934 2489 1018 2564 rode,
1034 2490 1110 2552 hora
1131 2491 1180 2572 nja
1195 2499 1269 2555 ante
1292 2494 1385 2557 meri-

229 2597 324 2674 diam,
338 2598 391 2663 vel
406 2597 544 2676 eacirca;
567 2596 713 2670 testibus,
727 2595 857 2658 domino
872 2597 993 2659 Thema
1009 2599 1194 2680 Conigham,
1210 2603 1385 2686 capellano,

230 2709 353 2772 notario
378 2706 516 2791 publico,
539 2707 659 2769 Thoma
686 2705 860 2780 Crawfurd,
884 2706 1021 2768 Patricio
1043 2707 1193 2785 Robison,
1209 2715 1388 2794 sergiando,

230 2821 379 2886 Johannc
406 2819 517 2899 Curry,
543 2815 674 2880 Andrea
700 2816 815 2899 Letrig,
841 2814 989 2879 Donaldo
1016 2816 1173 2896 Chalmer,
1199 2827 1232 2883 et
1254 2823 1388 2894 dominc

231 2932 374 2997 Walters
389 2928 516 2994 Wilson
531 2928 615 2993 infra
630 2948 733 2994 sacros
748 2927 875 2994 ordines
890 2928 1072 2994 constituto.

713 3205 783 3268 244
808 3203 902 3267 Ioan.

275 3377 406 3442 Eisdem
431 3378 491 3456 dic,
517 3400 611 3456 anno,
636 3397 753 3455 mense,
778 3398 883 3441 coram
909 3379 1029 3443 eisdem
1053 3381 1198 3459 testibus,
1217 3386 1249 3444 et
1270 3377 1381 3444 eadem

231 3489 324 3555 hora:
347 3490 425 3554 dicti
441 3491 606 3554 Jchanncs
628 3497 661 3554 ct
683 3490 815 3553 Besseta
837 3496 957 3554 tutores
975 3490 1133 3556 dederunt
1150 3493 1329 3557 libertatem
1351 3502 1384 3558 et

231 3602 399 3667 licenciam
414 3602 500 3665 dicto
515 3601 703 3677 subdecano,
720 3608 752 3664 ct
767 3601 833 3664 suis
848 3601 1025 3684 assignatis,
1040 3612 1222 3669 construere
1242 3612 1274 3670 et
1296 3605 1385 3670 edifi-

231 3733 303 3777 care
325 3714 496 3777 dimidium
515 3711 630 3794 gabule
656 3732 712 3775 sue
735 3711 907 3789 orientalis,
930 3734 1025 3796 super
1044 3721 1143 3779 terras
1165 3715 1244 3780 dicti
1267 3718 1386 3801 pupilli

230 3824 417 3902 adiacentis,
432 3823 579 3889 orientali
597 3823 680 3905 parti
703 3830 858 3886 terrarum
873 3823 952 3887 dicti
967 3825 1149 3903 subdecani,
1164 3847 1201 3890 ea
1215 3826 1285 3911 lege
1300 3830 1386 3911 quod

230 3935 318 4000 idern
347 3936 555 4011 subdecanus,
581 3940 638 3996 aut
664 3933 714 3996 sui
739 3934 892 4016 assignati
916 3935 1092 4000 fenestrent
1121 3937 1274 4004 orientale
1300 3940 1386 4008 latus

229 4046 316 4112 dicte
338 4048 453 4132 gabule
468 4066 578 4112 versus
600 4053 699 4108 terras
720 4043 798 4107 dicti
816 4045 940 4127 pupilli,
957 4053 989 4109 ct
1010 4046 1195 4130 relinquant
1216 4050 1252 4113 in
1274 4052 1386 4117 eodem

229 4156 329 4223 latare
344 4166 409 4223 tres
424 4158 547 4242 lapides
559 4157 735 4221 eminentes
747 4163 780 4219 et
791 4177 924 4238 asperos,
933 4158 1084 4223 videlicet
1098 4159 1129 4224 le
1145 4161 1267 4227 tuskis:
1282 4165 1387 4230 Peciit

229 4268 317 4336 idem
331 4270 541 4347 subdecanus,
556 4267 685 4332 nomine
702 4268 828 4351 proprio
842 4274 876 4332 et
895 4268 1034 4346 ecclesie,
1049 4270 1279 4340 instrumenta:
1301 4276 1387 4342 Acts

229 4381 267 4448 in
278 4380 409 4467 publica
422 4381 530 4465 platea
544 4379 608 4444 vici
623 4378 663 4443 de
678 4379 799 4462 Drigat
