2994 4936
703 423 909 473 PROTOCOLLA

561 630 632 694 261.
656 630 837 695 Courcrrau
861 630 1053 694 Orrronnrs.

270 802 334 868 Die
356 803 499 879 Veneris,
514 809 605 867 sexto
627 804 747 868 mensis
769 804 919 888 Augusti,
941 825 1034 881 anno,
1055 804 1240 881 indictione,
1255 805 1386 888 pontifi·

227 920 310 991 catu,
336 915 454 998 quihus
478 936 592 998 supra:
628 916 672 980 M.
703 916 812 979 Dauid
840 915 1019 999 Conigham
1044 916 1188 980 officialis
1215 918 1386 981 constituit

227 1033 407 1090 actomatos
430 1031 463 1090 et
488 1032 713 1108 procuratores,
736 1026 895 1102 videlicet,
918 1026 1140 1091 Alexandrum
1163 1028 1323 1111 Lindesay
1345 1028 1386 1092 de

227 1137 427 1214 (lorsbasket,
439 1137 660 1201 Alexandrum
678 1137 839 1220 Lindesay
848 1128 917 1201 eius
932 1136 1044 1213 filiurn,
1057 1138 1212 1201 Thomam
1227 1130 1386 1221 lingonis,

221 1250 391 1333 juniorem,
406 1248 566 1313 Jacobnm
581 1249 719 1324 Winzet,
736 1255 768 1312 et
782 1248 985 1312 Willelmum
1007 1248 1117 1326 Small,
1132 1249 1330 1313 coniunctim
1352 1256 1386 1313 et

225 1360 366 1436 diuisim‚
381 1360 519 1423 uberiori
534 1360 644 1436 forma,
660 1360 700 1446 ad
722 1358 943 1441 recipiendum
959 1359 1109 1422 saisinam
1125 1365 1245 1423 statum
1260 1360 1385 1424 heredi·

224 1470 342 1534 tarium
358 1477 391 1534 et
412 1470 645 1553 possessiouem
661 1471 806 1533 omniurn
828 1476 984 1533 terrarum
999 1469 1039 1533 de
1062 1468 1194 1533 Lethrik
1218 1491 1290 1534 cum
1313 1491 1384 1554 per-

225 1580 386 1658 tinenciis,
404 1581 587 1663 jacencium
603 1580 638 1643 in
652 1581 784 1644 baronia
800 1581 839 1644 de
858 1581 1099 1664 Drumsergard,
1115 1581 1200 1644 intra
1214 1582 1385 1645 vicecomi-

225 1699 331 1757 tatum
345 1692 385 1756 de
401 1693 535 1768 Ianark,
547 1692 643 1775 juxta
654 1700 797 1756 tenorem
813 1700 899 1755 carte
915 1692 1143 1755 infeodacionis
1158 1712 1215 1775 per
1225 1693 1248 1757 J
1249 1693 1384 1756 acohum

225 1805 375 1870 comitem
390 1805 430 1869 de
445 1805 552 1868 Arane
576 1804 745 1867 dominum
767 1803 1021 1887 Hammyltoune
1044 1804 1106 1867 sibi
1129 1804 1173 1866 M.
1190 1804 1300 1867 Dauid
1316 1806 1384 1869 suis

225 1917 396 1981 heredibus
412 1924 444 1980 et
459 1917 629 2000 assignatis
644 1916 781 1999 desuper
796 1915 887 1992 facte,
903 1922 936 1979 et
958 1915 997 1978 ad
1019 1915 1203 1998 petendum,
1219 1923 1252 1980 et
1273 1915 1384 1981 leuan-

225 2029 304 2094 dum
319 2035 353 2094 et
366 2028 585 2112 recipiendum
600 2028 814 2091 instrumenta
832 2026 984 2109 desuper;
1006 2046 1080 2090 cum
1096 2027 1208 2090 ceteris
1230 2027 1384 2092 clausulis

225 2140 419 2217 necessariis,
438 2140 613 2222 oportunis,
639 2145 672 2203 et
693 2139 733 2202 de
752 2139 824 2219 jure
846 2137 1027 2220 requisitis:
1050 2138 1170 2201 Ratnm
1193 2144 1226 2201 et
1246 2145 1382 2220 gratum,

227 2258 303 2315 ete:
326 2251 429 2314 Peciit
443 2251 529 2314 idem
545 2249 688 2314 officialis
703 2250 935 2313 instmrueuta:
957 2249 1041 2312 Acta
1056 2249 1091 2311 in
1105 2248 1137 2313 le
1148 2248 1279 2330 Drigate
1294 2249 1382 2331 apud

226 2382 344 2425 nouam
360 2360 598 2424 edificacionem
620 2360 700 2423 dicti
722 2359 874 2436 officialis,
897 2359 974 2423 hora
996 2360 1089 2443 quasi
1110 2360 1167 2442 viij
1190 2365 1265 2424 aute
1287 2361 1382 2424 meri·

227 2472 331 2551 dicm;
359 2472 505 2548 testibus,
535 2472 630 2534 Petro
661 2471 884 2554 Culquhorme,
913 2471 1023 2535 Dauid
1053 2471 1223 2556 Lindesay,
1244 2471 1383 2537 Patricio

229 2581 482 2658 Hammiltounc,
497 2590 530 2645 et
544 2582 638 2646 Petro
654 2583 770 2645 Broun.

559 2858 630 2925 262.
654 2860 835 2924 Courcuau
859 2859 1052 2925 Orrrcuers.

272 3037 377 3112 Anno,
392 3034 453 3111 die,
469 3054 586 3110 mense,
601 3033 786 3109 indictione,
801 3041 834 3097 et
851 3034 1051 3116 pontificatu,
1065 3033 1183 3116 quibus
1198 3026 1385 3099 immediate

229 3168 342 3232 supra:
380 3147 517 3210 Thomas
556 3146 782 3222 Huchonsone,
811 3145 952 3208 balliuus
985 3146 1020 3208 in
1053 3144 1114 3209 hac
1149 3151 1240 3228 parte
1269 3145 1384 3210 Jacobi

227 3260 354 3324 comitis
369 3260 409 3323 de
423 3259 532 3322 Arane
553 3257 676 3320 domini
697 3257 917 3334 Harniltoune,
932 3257 1038 3340 vigore
1061 3256 1227 3321 literarum
1241 3257 1383 3340 precepti

228 3372 345 3436 saisine
367 3371 551 3455 pergameni
573 3369 758 3453 potenciam
781 3368 886 3452 sigillo
908 3369 1069 3451 pendente
1095 3376 1128 3433 et
1150 3367 1383 3451 subscriptione

227 3481 370 3546 manuali
396 3481 475 3546 dicti
500 3482 622 3545 domini
648 3480 884 3563 Hammyltoun
910 3481 1116 3556 firmatarum,
1137 3479 1384 3563 publicatarum,

227 3600 261 3656 et
274 3614 332 3676 per
346 3614 398 3656 me
413 3592 480 3656 alta
495 3602 528 3657 et
550 3593 749 3676 intelligibili
764 3613 841 3656 voce
863 3593 904 3657 ad
927 3592 1079 3656 noticiam
1096 3592 1328 3668 uniuersorum,
1343 3612 1384 3657 ex

227 3703 378 3766 mandato
407 3703 486 3767 dicti
511 3703 627 3767 balliui
656 3704 883 3783 deductarum
918 3724 1054 3788 quarum
1083 3710 1225 3790 tenorem
1254 3709 1385 3786 propter

226 3812 443 3898 prolixitatem
458 3814 589 3892 omitto;
612 3835 737 3879 necnon
748 3815 856 3898 vigore
870 3816 1015 3879 mandati
1030 3836 1069 3879 ex
1086 3821 1195 3879 tenore
1210 3814 1384 3878 earundem

226 3924 289 3989 sibi
305 3924 390 4001 faeti,
400 3924 496 4000 dedit,
506 3924 540 3987 in
551 3925 651 3988 forma
665 3925 773 3988 debita
783 3946 839 4007 per
852 3933 969 3990 terram
980 3935 1012 3992 et
1023 3926 1154 4010 lapides,
1164 3932 1284 3989 statum
1293 3925 1385 3991 hese·

225 4035 387 4113 ditarium,
402 4043 436 4101 et
450 4036 610 4114 saisinam,
626 4043 659 4100 ct
673 4037 905 4118 possessionem
921 4047 1077 4102 terrarum
1092 4039 1132 4102 de
1156 4037 1288 4102 Lathrik
1309 4057 1384 4101 cum

225 4147 442 4232 pertinenciis,
449 4147 631 4230 jacencium
646 4155 684 4210 ut
699 4167 803 4229 supra,
814 4150 937 4231 prelato
953 4151 1108 4234 Magistro
1123 4148 1242 4225 Dauid,
1251 4149 1385 4232 suisque
1430 4133 1437 4146 ’

226 4258 405 4336 heredibus,
420 4265 454 4323 et
468 4258 638 4342 assignatis
654 4258 900 4342 imperpetuum,
919 4262 1015 4343 juxta
1032 4262 1166 4325 formam
1181 4268 1267 4325 carte
1282 4260 1385 4326 infeo-

226 4369 369 4437 dacionis
392 4370 472 4435 dicti
495 4370 621 4434 comitis
642 4369 683 4435 de
705 4369 794 4434 Aron
816 4371 953 4454 desuper
974 4372 1084 4438 habite
1110 4380 1144 4438 et
1171 4379 1326 4450 emanata,
1347 4371 1385 4436 in
