2994 4936
254 419 294 481 16
732 433 938 495 raoroooms

87 605 144 646 tn·
163 595 236 644 1⁴⁹⁹·
251 591 297 654 ibi
311 591 462 667 existens,
478 597 688 675 cognosceret,
703 591 738 655 in
753 590 840 655 dicta
854 590 996 666 materia,
1011 610 1053 653 an
1068 588 1139 672 ipsa
1153 587 1282 651 volebat
1300 585 1410 669 ipsum

89 939 142 994 Fal.
158 941 181 995 7.

251 709 334 767 stare
360 703 396 765 in
421 702 509 766 dicta
535 703 713 787 capellania
738 702 778 766 ad
804 722 927 766 annum
956 701 1111 777 futurum,
1135 720 1177 763 an
1200 719 1283 761 non:
1307 697 1410 780 Super

250 814 368 897 quibus
383 815 483 898 peciit
496 814 602 878 dictus
618 815 767 880 dominus
782 813 916 878 Finlaus
930 813 1201 877 instrumentum:
1222 811 1307 874 Acta
1318 815 1410 873 erant

251 925 287 989 in
308 927 445 1010 pretorio
467 926 507 990 de
530 927 637 1002 Irwin,
659 926 736 990 bora
755 927 848 1009 quasi
871 926 940 1007 xij·,
961 924 1015 988 vel
1037 924 1175 1002 eacirca;
1196 920 1410 1006 presentibus,

252 1037 274 1100 J
275 1037 401 1101 ohanne
416 1037 623 1119 Mungumry,
634 1036 701 1099 filio
713 1037 834 1101 cameli
848 1037 972 1100 domini
986 1036 1026 1101 de
1039 1035 1149 1111 Giffin,
1160 1033 1267 1097 Adam
1278 1031 1411 1107 Walles,

250 1149 346 1212 fratre
367 1168 517 1232 germano
546 1148 705 1211 «Iohannis
734 1147 857 1211 Walles
886 1148 926 1212 de
954 1149 1065 1231 Cragy,
1087 1146 1197 1210 Dauid
1224 1144 1409 1229 Conigham,

250 1257 356 1321 Alano
386 1259 568 1334 Houstoun,
598 1259 752 1341 Magistro
790 1259 899 1322 Dauid
929 1259 1033 1335 Were,
1063 1258 1170 1321 Adam
1199 1256 1346 1331 Multrar,
1377 1261 1410 1319 et

252 1367 382 1432 domino
396 1369 491 1434 Petro
506 1370 648 1446 Hetoun,
663 1369 801 1433 testibus
815 1369 856 1432 ad
872 1369 1033 1452 premisse

705 1642 755 1706 24„
778 1641 959 1706 Wrrsourr.

293 1814 399 1890 Anno,
410 1812 471 1890 die,
483 1812 668 1892 indictione,
677 1820 710 1879 et
720 1814 919 1899 pontificatu,
929 1820 962 1878 et
972 1832 1068 1897 regno
1079 1811 1197 1895 quibus
1209 1829 1322 1893 supra;
1336 1827 1407 1892 per-

249 1924 403 1989 sonaliter
418 1926 623 2004 constitutus,
639 1925 756 2010 probus
771 1926 830 2002 vir,
846 1925 1005 1991 Patricius
1020 1924 1184 2000 Watsone,
1198 1919 1409 2005 personaliter

249 2057 435 2121 comparens
453 2058 559 2102 coram
581 2036 716 2122 Georgia
739 2037 820 2101 Boid
843 2043 876 2101 et
898 2036 1048 2100 Rankino
1064 2036 1179 2111 Broun,
1195 2033 1336 2109 balliuis,
1350 2051 1408 2116 pro

249 2153 401 2233 tempore,
415 2149 509 2232 burgi
531 2148 571 2213 de
594 2149 700 2225 Irwin,
716 2148 877 2230 aliquibus
893 2146 1165 2230 conburgensibus
1180 2143 1301 2208 ibidem
1323 2143 1408 2207 euis-

249 2260 403 2336 tentibus,
427 2258 665 2341 protestabatur
686 2263 719 2321 et
742 2257 879 2340 rogabat,
904 2263 1064 2339 quatenus
1090 2262 1181 2339 porte
1204 2261 1237 2320 et
1262 2255 1408 2320 clausura

248 2368 328 2432 ville
355 2368 538 2431 locarentur
568 2373 601 2430 ct
631 2365 844 2431 fundarentur
866 2366 901 2428 in
923 2366 1010 2431 dioto
1036 2367 1136 2451 burgo
1167 2367 1209 2431 ad
1238 2365 1408 2432 comodum

249 2484 283 2543 et
305 2477 481 2541 utilitatem
506 2476 692 2560 reipublice,
714 2482 747 2540 ct
773 2475 951 2542 secundum
978 2478 1064 2560 quod
1094 2477 1345 2542 determinatum
1373 2482 1408 2542 et

249 2589 461 2654 deliberatum
485 2592 553 2651 erat
577 2607 635 2670 per
664 2587 912 2670 inquisicionem
933 2588 1102 2653 honestem
1129 2590 1278 2673 juratam,
1308 2609 1407 2672 quam

249 2700 387 2785 elegerat
402 2699 616 2764 communitas
631 2697 710 2763 dicti
724 2699 825 2783 burgi,
838 2699 878 2763 ad
894 2700 1136 2765 deliberandum
1147 2701 1183 2764 in
1197 2699 1359 2764 locecione
1374 2705 1408 2764 et

248 2812 425 2876 situacione
445 2816 608 2895 portarum
633 2816 666 2875 et
688 2810 908 2875 clausurarum
928 2812 1008 2876 dicti
1027 2812 1137 2896 burgi:
1163 2811 1266 2896 Super
1287 2812 1406 2895 quibus

248 2923 348 3007 peciit
362 2921 468 2986 dictus
484 2922 642 2987 Patricius
664 2922 934 2987 instnrmentum:
957 2924 1042 2987 Acta
1063 2923 1099 2986 in
1119 2923 1155 3007 ly
1171 2922 1314 3007 Sandgat
1327 2923 1407 2987 dicti

248 3033 350 3118 burgi,
365 3032 442 3097 hora
465 3033 558 3116 quasi
573 3033 696 3116 quinta,
710 3031 763 3098 vel
778 3033 918 3114 eacirca;
939 3035 1150 3117 presentibus,
1165 3034 1296 3099 domino
1312 3035 1407 3099 Petro

249 3145 369 3222 Heton,
380 3143 553 3228 capellana,
565 3143 788 3208 Bartholomeo
803 3145 914 3222 Trane,
928 3145 1035 3210 Alana
1051 3146 1234 3222 Houstoun,
1249 3146 1406 3231 Magistro

250 3256 360 3322 Dauid
370 3257 475 3332 Wcra,
487 3255 510 3320 J
511 3254 638 3320 ohanne
650 3255 752 3333 Mure,
760 3257 898 3339 juniore,
908 3257 1015 3320 Adam
1027 3257 1194 3335 Multrare,
1205 3265 1239 3323 et
1253 3258 1406 3324 Wilelmo

251 3369 401 3445 Gibsone,
415 3367 553 3433 testibus
569 3366 612 3432 ad
624 3368 788 3451 premissa,
803 3373 861 3432 etc.

740 3641 789 3703 25.
814 3641 927 3703 Boron.

292 3810 390 3874 Anno
412 3810 555 3886 Domini,
570 3817 638 3886 eta,
652 3812 857 3895 nonagesimo
879 3813 936 3888 ix0,
962 3811 1014 3876 die
1040 3813 1135 3896 xviij⁰
1160 3813 1280 3878 mensis
1302 3810 1405 3887 Junii,

249 3923 456 4005 pontificatus
470 3921 648 3986 Alexandri
663 3942 744 4005 pepe
760 3922 843 3985 sexti
858 3943 942 3986 anno
954 3923 1023 4007 vij0,
1038 3929 1071 3987 et
1087 3944 1171 3987 anno
1185 3923 1268 4007 regis
1290 3923 1312 3986 J
1314 3922 1405 3986 scobi

250 4034 356 4116 quarti
372 4034 437 4116 xij:
460 4033 501 4096 In
516 4033 580 4097 mei
601 4032 717 4096 notarii
740 4032 870 4115 publici,
886 4039 955 4109 etc,
970 4033 1107 4099 discreta
1121 4034 1244 4110 mulier,
1259 4033 1406 4099 Elizabet

250 4145 340 4221 Boid,
356 4145 423 4208 lilia
438 4145 573 4210 carnalis
589 4145 708 4208 Thome
725 4143 807 4207 Boid
822 4143 857 4207 in
868 4143 1067 4224 Achintibre,
1079 4165 1264 4228 comparens
1275 4164 1405 4228 person·

249 4365 371 4432 bellino
384 4387 441 4452 pm
452 4373 605 4452 ternpore,
616 4366 742 4433 sedenti
752 4386 808 4450 pro
820 4365 1061 4447 tribunalium
1071 4373 1181 4434 coacta
1195 4368 1357 4435 fatebatur
1371 4391 1406 4436 se
